3167 4975
263 367 340 421 XXII
707 366 948 434 Prolegomeuo.

263 542 369 607 Lucos
393 543 527 607 ctoriae
551 542 704 606 describit
721 540 855 628 proelia
880 539 1004 605 Otroia·

116 702 121 714 .
262 647 342 711 Iure
364 670 455 711 socer
476 646 616 726 uitulus,
640 648 698 732 qui
719 647 846 722 moenia
861 646 965 732 fatur
987 646 1092 708 coito.

264 752 399 816 Ioannes
415 751 536 838 fremit
558 773 612 815 oro
628 751 675 816 leo
698 750 817 814 similis
840 749 993 837 55515511,

265 857 395 919 Intonat
417 867 565 920 aeternae
583 856 734 941 pandone
757 855 914 940 mysterio
936 852 1037 918 uitae.
1066 855 1118 940 (ef.
1136 855 1222 919 iufra
1242 855 1339 938 praef.
1359 855 1398 933 I.)

306 988 517 1071 Reprehendit
539 1007 611 1052 eum
634 1006 706 1052 oum
730 987 799 1052 aliis
819 987 918 1070 poetis
934 986 1111 1051 christianis
1128 985 1260 1051 Sextus
1272 983 1398 1048 Amar-

262 1094 339 1156 eins
356 1111 534 1190 sermonum
554 1091 633 1156 libro
653 1091 711 1156 HI.
729 1111 758 1156 u.
777 1089 841 1154 270
863 1091 917 1174 (51.
934 1091 1101 1155 editionem
1116 1089 1241 1154 Manitii
1263 1088 1396 1172 51175

262 1223 380 1287 Verum
404 1221 409 1306 )
433 1221 608 1316 Alelnimus,
641 1219 767 1302 Arator,
802 1220 943 1286 Sedulius
974 1224 1067 1303 atque
1097 1221 1283 1284 queucus
1303 1217 1308 1304 Ι
1327 1218 1397 1283 Non

260 1327 340 1391 bene
363 1327 494 1391 tornatis
517 1329 678 1411 opponunt
699 1326 785 1410 regia
807 1325 892 1389 nasis
911 1325 916 1406 1
936 1325 1075 1389 Percula.

261 1431 349 1495 Idem
372 1430 511 1515 pluribus
534 1431 608 1495 locis
632 1449 704 1495 enm
725 1430 867 1494 imitatus
890 1432 947 1493 est.

304 1562 342 1626 In
365 1561 571 1645 florilegio,
595 1561 677 1642 qnod
696 1561 727 1625 in
744 1560 848 1624 cedite
863 1557 925 1622 227
943 1579 967 1624 s.
980 1559 1055 1624 ΧΠ
1069 1560 1251 1623 monasterii
1272 1558 1398 1623 sauctae

261 1664 380 1745 Crucis,
403 1666 435 1730 in
459 1665 562 1730 codice
587 1662 811 1729 1595511111
833 1664 1013 1728 monasterii
1027 1662 1398 1746 Neoelanstroburgensis

261 1770 313 1854 (cf.
327 1770 454 1834 Wiener
469 1767 597 1834 Studien
612 1768 658 1832 IX
672 1786 702 1851 5.
718 1766 785 1852 52),
808 1768 941 1832 fortasse
962 1768 1055 1832 etiam
1078 1768 1111 1832 iu
1133 1769 1199 1832 cod,
1215 1767 1398 1832 Monaeeusi

260 1872 344 1937 6911
374 1892 398 1938 5.
422 1873 497 1936 XIV
526 1874 649 1956 legitur,
680 1891 789 1938 uersus
823 1873 1024 1954 praefationis
1060 1872 1119 1936 soli
1151 1873 1240 1953 elque
1274 1872 1398 1936 uarian-

261 1982 309 2042 tes
332 1978 528 2042 continentur
550 1977 603 2060 (cf.
624 1977 803 2041 zeitschrift
821 1976 843 2040 f.
861 1981 969 2041 osterr.
985 1975 1135 2060 Gymnas.
1153 1973 1248 2057 1881,
1264 1975 1293 2041 S.
1309 1974 1396 2060 415).

262 2083 306 2147 At
328 2081 514 2165 florilegium
542 2082 607 2146 cod.
624 2080 760 2164 sangall.
778 2078 841 2144 878
865 2080 918 2163 (cf.
935 2082 1046 2146 Rheiu.
1063 2081 1145 2144 Mus.
1164 2079 1248 2144 1885
1270 2101 1299 2164 p.
1320 2078 1397 2163 268)

261 2205 371 2252 uersus
394 2185 410 2250 I
432 2182 505 2266 502,
529 2183 593 2248 664
615 2182 775 2269 1V6821)
799 2185 931 2250 exhibet.

305 2289 527 2357 Vincentius
558 2289 841 2354 Belloneceusis
872 2307 953 2372 spec.
978 2289 1072 2354 doctr.
1097 2289 1125 2352 V
1149 2288 1191 2353 65
1214 2289 1274 2374 (ed.
1300 2289 1397 2354 Duae.

262 2395 294 2460 H
309 2392 402 2478 441):
425 2394 581 2458 quenous
604 2393 672 2458 libr.
689 2393 738 2456 III

308 2520 428 2588 Felices
447 2545 537 2610 poro
560 2524 617 2608 qni
639 2522 762 2587 coelom
785 2522 880 2587 cordo
903 2532 1052 2587 locatur:

313 2627 464 2692 Visibilis
486 2627 575 2689 Deos
599 2626 649 2689 liis
668 2649 731 2713 por
753 2626 863 2691 secolo
885 2636 1000 2691 coneto
1022 2626 1163 2691 monebit
1186 2630 1215 2713 (Ι
1236 2629 1301 2693 463
1324 2631 1396 2711 55.)

263 2760 290 2823 V
316 2758 356 2822 79
381 2760 423 2844 (p.
441 2756 518 2843 448)
541 2758 696 2823 quencus
719 2759 823 2823 libr.I

313 2878 435 2943 Felices
458 2876 603 2955 15551755,
623 2901 756 2965 pauper
778 2901 855 2965 quos
879 2879 1020 2965 spiritns
1043 2879 1154 2959 ambit,

309 2982 387 3047 Ilios
409 3006 485 3046 nam
506 2981 589 3047 coeli
612 3004 745 3070 1555515
767 2982 903 3048 sublime
926 2995 1067 3072 receptat
1089 2985 1119 3070 (I
1141 2984 1205 3049 454
1218 2985 1289 3070 sq.).

305 3115 424 3198 Roger
446 3114 551 3193 Baco‚
575 3115 737 3197 compend.
759 3114 968 3198 5111515456
991 3115 1052 3200 (ed.
1069 3114 1220 3199 Brenni:
1251 3115 1397 3181 SimilIter

264 3218 347 3301 apud
372 3221 481 3301 poetae
506 3216 699 3283 Christianos
722 3220 801 3299 siue,
827 3222 864 3283 ut
885 3220 997 3284 melius
1021 3221 1133 3301 dicam,
1162 3224 1305 3285 auctores
1327 3220 1399 3286 doc·

263 3323 411 3403 tissimos,
435 3323 608 3387 cuiusmodi
630 3326 704 3387 sunt
726 3322 869 3388 Sedulius
893 3328 924 3388 et
944 3324 1134 3408 Prosper'et
1151 3324 1266 3391 Arator
1289 3330 1321 3391 et
1341 3327 1398 3390 Iu-

265 3444 404 3490 uenons
434 3430 466 3491 et
492 3427 545 3490 alii
571 3444 680 3491 omnes
703 3445 779 3509 quos
803 3428 955 3511 55515551
976 3429 1108 3493 eeclesia
1129 3432 1162 3494 et
1184 3431 1300 3495 summi
1322 3448 1399 3514 pou·

265 3530 363 3594 116555
394 3530 475 3595 sicut
504 3534 590 3613 55151
616 3532 649 3595 in
669 3532 805 3615 prologis
828 3532 940 3596 horum
962 3532 1112 3597 librorum
1136 3537 1167 3597 et
1187 3534 1398 3617 Hieronymus

264 3639 296 3700 et
317 3635 403 3700 Beda
433 3639 465 3700 51
493 3653 601 3700 omnes
630 3637 749 3718 antiqui
780 3638 947 3719 sapientes.
991 3638 1176 3702 quencus
1209 3639 1315 3721 igitur,
1345 3638 1399 3721 qui

263 3740 383 3823 primus
405 3740 465 3804 fuit
488 3745 519 3803 et
540 3740 739 3804 metrificauit
760 3740 958 3805 Matthaeum
982 3743 1189 3825 euangelium,
1213 3744 1258 3806 sio
1281 3742 1355 3806 dicit

306 3859 422 3946 Officio
445 3860 656 3945 omissamque
681 3859 792 3924 755551
810 3861 976 3946 promisso
999 3860 1157 3946 loquelam
1179 3861 1295 3948 (148).

264 3983 325 4047 Hic
356 3982 495 4046 aufertur
524 3982 636 4047 ultima
665 3983 786 4066 syllaba
812 3984 930 4048 scilieet
955 3988 991 4049 ut
1013 3981 1254 4068 officiomieeom
1276 3990 1307 4049 et
1328 4004 1398 4050 cae·

266 4090 345 4150 tera:
370 4104 427 4150 nec
447 4090 552 4170 potest
573 4088 643 4169 plus
667 4087 780 4152 auferri
805 4088 873 4151 sine
896 4088 1033 4153 151511515
1056 4106 1176 4153 uersus,

311 4310 330 4389 ¹)
348 4328 407 4367 cutm
425 4312 534 4375 lectione
551 4312 646 4367 notio:
664 4308 752 4365 uerbis
766 4328 820 4389 pro
838 4310 928 4386 signis.
