3167 4975
630 339 671 391 =ie
699 339 957 392 Muchsbaeis

370 535 466 616 longa
488 536 591 618 magis
615 535 685 598 uita
708 537 767 598 est.
791 551 952 615 regnoque
976 533 1136 615 potentior
1159 534 1222 598 isto

371 641 456 722 quod
479 642 738 724 regisfextrema
761 640 857 704 huius
881 640 944 704 iam
967 643 1055 722 parte
1079 640 1237 706 moralis?

371 748 430 811 hos
455 767 581 829 quoque
605 748 632 812 si
655 746 774 811 metuis
799 749 950 828 superant
973 749 1077 810 aetate
1101 747 1250 815 minores.

374 858 620 937 contemptuque
645 854 742 918 simul
765 853 831 918 uici
854 857 910 917 tua
933 871 1029 936 regna
1052 853 1196 936 superbe.

239 970 258 1021 ι
284 963 297 1015 .·
373 961 428 1022 sed
451 979 566 1044 perage
589 959 769 1042 imperium,
794 977 851 1022 nee
875 961 986 1041 pentus
1010 956 1116 1022 diuide
1141 963 1276 1026 nostros,

370 1065 429 1129 hos
454 1084 580 1148 quoque
604 1065 644 1128 da
666 1064 815 1141 flammis,
840 1068 873 1128 et
896 1063 1018 1128 uinbus
1042 1066 1130 1128 utere
1153 1065 1253 1146 regni,

371 1171 515 1235 nnontalis
538 1176 645 1235 tannen
672 1190 716 1247 es,
740 1171 853 1234 necin
879 1189 994 1234 asinum
1018 1187 1115 1253 regna
1138 1171 1270 1234 tenebis,

415 1277 562 1360 Concipit
583 1277 762 1341 Antiochus
784 1275 895 1347 furias,
921 1293 1099 1357 saeuusque
1124 1278 1275 1359 tyrannus

372 1384 509 1448 exhibet.
534 1387 566 1446 et
588 1383 729 1466 gemitus
754 1383 836 1446 intra
861 1401 920 1448 sua
943 1385 1071 1465 pectora
1094 1383 1208 1453 uoluit.

304 1532 307 1538 ,
372 1489 530 1553 consentit
554 1509 627 1554 euni
651 1493 758 1553 niente
782 1489 878 1554 color.
903 1489 1066 1570 tristisque
1091 1492 1241 1572 granatos

371 1597 491 1661 attollit
513 1596 635 1669 uultus.
661 1599 694 1660 et
716 1596 794 1660 talia
817 1596 914 1660 uerba
936 1596 1096 1678 profatur:

371 1704 448 1768 haee
471 1706 528 1767 tua
550 1703 692 1769 libertas.
719 1706 751 1766 et
774 1701 841 1766 dira
865 1703 1007 1785 potentia
1030 1703 1167 1786 linguae,

368 1814 463 1890 atque
487 1809 540 1874 hie
563 1827 658 1892 quem
683 1807 808 1872 tumida
830 1810 938 1890 pontus
962 1808 1085 1872 oe1uice
1108 1807 1243 1892 rigorem

369 1916 489 1980 senties
514 1917 561 1979 ira
583 1915 643 1978 tibi
667 1915 776 1998 Regis.
801 1914 877 1996 quid
900 1916 1044 1998 tempora
1067 1914 1201 1998 possint.

235 2027 294 2084 ‘22'
368 2023 395 2086 si
419 2022 560 2088 nondum
584 2041 618 2086 es
644 2022 760 2086 satiata
782 2021 886 2086 melis.
913 2021 1086 2105 ottingene
1109 2024 1215 2086 tentas

368 2128 533 2194 laetitiam.
558 2129 729 2210 luctusque
752 2132 828 2192 tuos
852 2128 883 2192 in
907 2129 1023 2211 gaudia
1047 2128 1156 2200 uentis,

368 2254 429 2298 uon
453 2234 583 2298 mutabo
607 2253 728 2310 necem,
752 2233 866 2318 gaude.
891 2234 1019 2310 laetare,
1043 2234 1214 2316 triumpha,

368 2340 540 2406 dummodo
564 2341 611 2405 sio
634 2341 755 2406 uineas.
779 2345 817 2405 ut
841 2341 885 2405 sis
909 2359 1057 2424 suprema
1079 2343 1217 2406 tuorum.

370 2447 416 2511 010
439 2446 559 2511 furiosa
582 2446 676 2511 nimis
700 2450 844 2511 natorum
870 2445 978 2511 sunere
1002 2445 1147 2531 gaudes?

235 2561 292 2618 22.
368 2554 429 2618 hoo
453 2572 578 2635 quoque
604 2553 642 2617 do
666 2552 813 2629 flammis.
838 2554 898 2618 hoe
921 2572 979 2619 nee
1001 2556 1125 2617 mutare
1149 2556 1290 2635 potestas

368 2661 436 2723 ulla
458 2664 566 2743 potest
589 2659 725 2726 decreta.
750 2665 785 2723 tu
810 2660 896 2723 laeta
918 2661 993 2724 uiue
1017 2664 1179 2742 superstes
1279 2661 1295 2692 ⁴*

369 2768 451 2831 natis
476 2768 650 2843 001)οτ010,
675 2772 708 2831 et
730 2786 768 2830 ue
792 2786 863 2831 mea
886 2768 975 2832 iussa
997 2770 1159 2832 morentur

369 2874 444 2939 ordo
469 2892 546 2938 suos
569 2877 701 2957 penagat
724 2893 847 2938 cursus.
872 2873 1043 2939 Producite
1067 2878 1187 2951 natum,

368 3000 425 3044 neo
448 3000 531 3046 uano
555 2983 684 3063 pereant
706 2980 791 3063 ignis
815 2979 972 3045 dubiusne
996 2980 1103 3045 uidere
1279 2982 1294 3012 ⁸*

234 3088 297 3149 235
366 3087 432 3150 Rex
455 3089 530 3169 post
554 3087 617 3149 ista
639 3104 710 3150 neon
732 3086 829 3150 timor
851 3089 901 3150 est
923 3086 1001 3149 mibi
1024 3085 1161 3150 foemina
1186 3086 1293 3151 nullus

367 3192 538 3275 praecipua
561 3192 600 3256 de
624 3194 717 3275 gente
741 3195 798 3256 tua
821 3192 1003 3275 produceris
1028 3193 1119 3257 iudex

370 3319 464 3381 quani
490 3300 597 3382 speeie
620 3299 761 3363 mirande
784 3318 873 3381 puer.
899 3300 949 3364 cui
973 3304 1100 3382 pectore
1124 3298 1226 3363 uirtus
1489 3334 1542 3387 240

266 3430 451 3484 2110100001
506 3430 560 3483 224
579 3430 679 3484 sentiet
697 3430 760 3483 irati
780 3430 852 3498 regis
908 3430 958 3483 231
980 3430 1020 3499 tu]
1041 3430 1120 3485 modo
1140 3434 1171 3485 tu
1231 3431 1284 3485 236
1305 3450 1382 3501 prae·

230 3520 324 3589 eipuus
360 3518 440 3572 iudex

266 3647 315 3699 211
337 3646 400 3700 Vta
417 3648 502 3717 longe
519 3647 606 3715 magis
626 3662 763 3715 regnoque
824 3646 875 3699 213
895 3644 943 3699 hos
960 3662 1025 3715 quos
1040 3664 1071 3725 p:
1087 3647 1109 3699 si
1137 3647 1294 3717 superantia
1308 3651 1381 3703 etate

229 3734 340 3788 minoris
395 3737 448 3789 214
467 3739 675 3805 contemptaque
734 3735 787 3788 215
807 3739 898 3804 pantos
958 3734 1011 3788 218
1035 3735 1159 3805 concepit
1212 3737 1264 3790 219
1284 3740 1312 3791 et
1331 3752 1415 3805 one,-

230 3822 282 3876 2211
301 3822 379 3878 dolor
396 3824 524 3894 tristique
543 3830 672 3894 grauatus
746 3825 799 3876 222
818 3824 884 3877 dura
957 3822 1323 3893 223111100010001300001
1344 3826 1381 3877 01.

230 3928 263 3966 m.
283 3918 382 3979 postea
406 3914 471 3967 odd.
562 3914 615 3966 224
646 3913 746 3965 senties
774 3911 827 3965 tibi
856 3912 896 3965 ira
923 3912 995 3982 reffi'e
1025 3911 1090 3981 quid
1117 3917 1239 3982 tempore
1268 3916 1382 3983 possunt

229 3999 429 4070 assuendum]
449 4018 502 4055 non
541 4005 570 4054 et
588 4000 616 4069 1.]
637 4001 765 4069 effingere
803 4004 921 4070 temptas
1017 4000 1070 4054 226
1089 4006 1152 4055 tuus
1211 4000 1265 4055 229
1284 4000 1381 4055 animis

229 4089 340 4142 'tunore
413 4089 466 4144 230
484 4090 544 4158 hoc]
565 4087 572 4147 Ι
592 4106 623 4142 oo
648 4087 760 4156 (ipsene
778 4089 904 4155 eaeonm't)
944 4091 1058 4159 potestis
1131 4090 1183 4144 231
1208 4092 1286 4160 potes
1322 4090 1381 4143 tulo

229 4179 338 4231 etunius
410 4178 463 4231 232
482 4178 578 4233 orbata
660 4177 712 4231 233
732 4195 795 4231 0000
815 4181 912 4246 pergat
994 4178 1047 4233 234
1066 4182 1174 4243 uanoii'p
1212 4177 1298 4232 dubio
1322 4176 1379 4231 sine

229 4265 281 4318 235
300 4282 359 4319 rear
413 4268 465 4320 237
485 4268 575 4337 speeie
611 4273 719 4337 pectore
