3167 4975
232 323 295 385 106
536 319 728 389 Cypriani
755 319 1052 390 lreptateuchcs

409 521 465 580 aut
488 537 583 601 grege
607 518 645 582 de
669 518 759 584 mulli
782 517 945 582 candentis
969 517 1097 584 uellen's
1122 535 1250 603 agnum,

232 623 273 688 56
370 638 384 690 7
409 628 446 687 ut
468 622 587 687 saniem
609 623 755 707 precibus
778 626 886 690 ualeat
908 625 1053 690 cohibere
1076 624 1231 690 sacerdos.

291 727 391 793 1314
454 728 638 796 Morborum
661 750 786 814 queque
810 731 932 815 effigies
957 735 990 796 et
1012 731 1103 816 signa
1124 731 1286 805 docentur,
1450 743 1487 791 15

399 835 574 900 ‘dumtaxat
595 856 675 919 qnos
698 837 786 922 lepra
809 842 902 915 creat,
927 857 1007 920 quae
1031 856 1158 920 corpure
1182 839 1249 901 toto

412 942 500 1006 lutea
521 943 653 1027 pellenti
675 943 836 1027 pertundit
858 945 981 1009 uiscera
1003 945 1077 1009 tabe

412 1049 634 1132 ulberrtemque
658 1053 765 1114 eumin
787 1051 922 1115 maculis
945 1051 1096 1115 feralibus
1118 1050 1241 1132 implet,

411 1160 457 1224 ut.
482 1155 557 1237 quia
577 1175 634 1239 per
657 1155 775 1221 domini
798 1173 1034 1240 nonnumquam
1059 1159 1221 1221 exaestuat
1242 1155 1332 1232 irum,

412 1262 473 1326 lruc
494 1262 670 1326 medicante
693 1263 802 1346 lugam
827 1264 930 1348 capiat
953 1282 1129 1348 corpusque
1151 1262 1308 1345 relinquat
1442 1279 1487 1330 20

412 1369 530 1434 orantis
544 1383 608 1452 'pro
631 1380 711 1435 ntra
732 1369 794 1434 uiri
816 1387 996 1454 munusque
1019 1370 1159 1448 ferentis,
1188 1403 1191 1418 ·

379 1491 382 1496 ·
412 1478 590 1557 paupertas·
604 1474 688 1557 qued
710 1479 860 1558 praestat,
884 1495 982 1542 ouans
1006 1496 1086 1560 quae
1109 1476 1236 1541 uincere
1260 1473 1342 1539 dites

413 1600 506 1665 saepe
529 1581 629 1656 sulet3
655 1583 801 1648 dominns
825 1587 938 1648 uotum
961 1584 1035 1666 quia
1058 1582 1212 1667 simplicis
1235 1581 1350 1645 haurit.

234 1687 276 1749 66
411 1707 468 1751 nee
492 1688 619 1772 grandis
642 1689 774 1773 inpensa
797 1693 901 1754 tumen
926 1690 1114 1774 praestanda
1136 1685 1301 1753 medendi:

295 1791 390 1862 1410
414 1813 486 1857 nam
509 1795 616 1877 pullos
640 1795 748 1860 offerre
773 1796 853 1861 druos
877 1811 1037 1880 agnosque
1061 1794 1226 1879 gemellus,
1297 1825 1301 1833 ·
1443 1817 1487 1866 25

412 1902 448 1963 ut
470 1900 573 1966 uitulc
597 1901 768 1986 coniungat
790 1921 894 1978 ouem,
917 1901 968 1966 ius
990 1901 1143 1985 praecipit
1165 1886 1267 1976 omne,

413 2006 531 2088 polline
554 2007 747 2084 eumteniri,
771 2027 866 2090 quam
890 2009 1005 2091 sparsit
1028 2008 1115 2072 riuus
1140 2006 1227 2072 oliui.

355 2127 386 2179 21
413 2111 490 2176 lraec
513 2103 605 2178 diues
628 2113 737 2179 offerre
759 2117 885 2199 petest:
909 2114 965 2180 sed
988 2133 1118 2179 munera
1138 2131 1272 2197 paruum

235 2219 277 2280 65
414 2237 513 2301 parua
526 2224 672 2289 manent:
689 2239 825 2302 namque
840 2224 896 2285 aut
909 2220 1046 2285 uitulum
1064 2219 1216 2284 mactabit
1230 2218 1268 2282 ud
1284 2235 1381 2308 aram⁹

414 2326 468 2408 qui
491 2327 581 2412 uiget
603 2327 749 2411 explicito
772 2328 823 2392 bis
847 2327 932 2392 senis
954 2327 1117 2392 mensibus
1140 2345 1232 2403 anne,
1445 2359 1488 2406 30

415 2437 448 2499 et
471 2433 620 2516 quiddam
646 2434 684 2500 de
706 2435 786 2499 farre
809 2435 873 2520 pic,
898 2433 981 2517 quod
1005 2433 1113 2499 miscit
1135 2432 1231 2509 cliuo,

358 2558 391 2610 22
416 2544 556 2606 turtures
578 2546 634 2607 aut
656 2543 811 2627 geminus,
835 2542 956 2608 similes
979 2545 1036 2607 aut
1056 2541 1137 2606 sorte
1161 2540 1335 2605 columbas.

297 2651 337 2715 15
374 2666 391 2718 2
459 2647 542 2728 Quin
566 2650 660 2713 etiam
684 2669 812 2715 somnos
836 2649 998 2714 hominum
1023 2647 1097 2729 quia
1120 2664 1213 2730 saepe
1231 2646 1381 2728 uoluptas

240 2757 280 2821 76
415 2775 471 2839 per
494 2759 618 2821 noctem
641 2754 764 2821 deludit
784 2756 879 2835 iners,
904 2758 930 2821 si
953 2756 1033 2821 forte
1056 2756 1180 2819 ueretro

416 2862 537 2927 semina
560 2862 731 2939 destillant,
755 2862 791 2926 lit
814 2880 929 2946 eorpus
952 2866 1043 2945 turpe
1066 2860 1226 2925 iacentum
1451 2896 1493 2944 35

379 2984 393 3035 7
419 2968 669 3050 inmundumque
692 2972 809 3044 manet,
833 2967 932 3033 donec
954 2968 1018 3032 iem
1041 2985 1155 3050 uesper·
1177 2966 1215 3030 ab
1239 2965 1348 3029 aethra

417 3074 606 3158 conspicuus
629 3075 713 3139 laetu
737 3074 905 3158 praecedat
925 3074 1045 3138 lumine
1069 3076 1213 3147 noctem;

304 3198 396 3266 seqq.
420 3198 478 3244 nec
502 3180 604 3244 sulum
628 3179 720 3246 foedo
745 3179 914 3263 deturpant
936 3198 1067 3263 corpora
1089 3198 1200 3255 irneuu,

241 3288 281 3350 15
419 3285 475 3351 sed
498 3285 650 3369 quidquid
674 3286 831 3370 contingit
853 3305 960 3371 egens,
985 3304 1078 3369 quern
1094 3285 1221 3351 sumnia
1238 3286 1383 3350 fuscant:

359 3408 391 3461 13
416 3392 448 3456 id
470 3395 598 3475 propter
620 3391 718 3458 fluuio
741 3392 789 3457 fas
814 3396 863 3457 est
885 3391 1070 3476 pertundere
1094 3392 1244 3467 membra,

415 3497 535 3582 puritas
559 3502 597 3562 ut
618 3497 727 3563 redeat
747 3518 879 3583 propere
903 3500 1047 3564 cessante
1071 3502 1169 3564 reatu.

271 3624 306 3676 49
329 3621 425 3675 uelleri
448 3622 556 3689 signum
577 3622 601 3673 0
622 3620 657 3674 50
680 3620 740 3688 Vplt
764 3624 793 3686 (u
817 3624 908 3687 macc)
932 3620 957 3675 0
1025 3620 1059 3674 52
1079 3624 1159 3691 quae]
1179 3640 1217 3691 q:
1237 3623 1260 3675 0
1277 3639 1344 3691 ques
1358 3624 1384 3675 A

237 3711 271 3765 53
289 3710 409 3781 pallente
424 3710 451 3762 A
469 3708 584 3779 pallauti
602 3708 642 3769 0,
659 3706 724 3761 tabo
739 3710 766 3760 A
784 3708 903 3777 pestet'
946 3708 981 3762 55
996 3707 1132 3763 dominum
1148 3710 1173 3761 A
1210 3710 1349 3763 inaestuat
1365 3710 1388 3761 C

236 3800 270 3853 57
289 3804 396 3853 arantes
412 3799 440 3850 A
482 3797 597 3851 ferentes
618 3798 644 3849 A
717 3796 752 3850 58
770 3795 844 3866 (1.0
877 3796 947 3851 dites
964 3796 988 3851 0
1004 3795 1081 3851 diues
1095 3799 1123 3850 A
1195 3798 1229 3852 59
1248 3814 1345 3868 saepae
1359 3800 1385 3851 A

237 3889 407 3958 quiat'quae
422 3888 449 3939 A
487 3886 596 3940 auriti}
647 3885 680 3938 61
706 3884 874 3954 gemellesA
930 3885 964 3939 62
984 3884 1082 3940 uuest*
1107 3886 1389 3956 precepitAomnel'

236 3978 271 4030 64
288 3992 381 4047 parum
402 3977 428 4028 A
513 3975 547 4028 67
561 3974 598 4029 Et
611 3972 738 4045 quiddam
750 3991 770 4042 p
785 3978 834 4028 aut
848 3972 975 4044 quiddam
1001 3974 1056 4028 AG
1089 3974 1189 4043 missit]
1203 3976 1257 4029 Ad
1273 3976 1346 4029 oliuu
1361 3977 1387 4029 A

236 4066 338 4119 alinum
351 4065 376 4117 0
409 4064 444 4118 68
454 4067 502 4117 aut
511 4065 580 4118 forte
590 4066 714 4134 Aulique
729 4062 753 4116 0
759 4065 795 4131 cs.
806 4080 833 4118 u.
847 4066 886 4119 18
921 4064 956 4117 69
972 4064 1054 4118 etiarn
1064 4080 1112 4134 per
1126 4082 1147 4119 s.
1161 4064 1271 4135 Oquial
1282 4081 1350 4136 quae
1361 4069 1385 4117 A

236 4172 333 4224 saepae
343 4156 369 4206 A
407 4154 422 4205 7
424 4154 441 4206 0
451 4152 557 4207 deludit
566 4157 658 4207 tenero
668 4153 724 4206 siA
733 4150 840 4206 deludit
855 4169 918 4207 ener
927 4153 950 4206 si
964 4154 988 4205 0
1013 4168 1080 4207 corr.
1087 4172 1109 4221 p
1120 4157 1173 4220 (un
1182 4152 1253 4208 ludit
1262 4154 1388 4218 teneret)

238 4244 270 4297 71
287 4242 464 4297 distillante
543 4242 576 4293 75
596 4240 723 4311 quiequid
738 4241 793 4292 Ar}
864 4242 897 4293 77
917 4240 1023 4309 reddeat
1041 4246 1072 4295 ut
1090 4242 1193 4312 puritas
1214 4242 1241 4298 ld
1261 4246 1345 4309 erac.)
1362 4244 1387 4295 A
