3167 4975
324 869 659 984 lllllllllldllll
695 869 927 984 Gllllllllll
963 871 1234 1010 ulttluuul.

671 1111 841 1178 REGVM
866 1115 880 1177 l

236 1259 248 1318 l
279 1273 312 1324 19
339 1272 372 1325 10
437 1255 571 1338 denique
595 1255 756 1338 quaesitos
780 1255 889 1340 tetigit
911 1259 1016 1320 tameu
1040 1257 1094 1322 ille
1117 1261 1262 1340 penates.

232 1366 251 1426 2
276 1378 310 1431 20
321 1379 355 1432 30
369 1397 408 1448 sq.
432 1382 585 1446 praecurre
608 1381 691 1426 nuuc
714 1363 812 1426 miser
834 1382 890 1428 uec
914 1369 945 1428 te
969 1363 1044 1428 dum
1072 1364 1176 1430 uescis
1206 1367 1239 1428 et
1262 1363 1359 1428 audes

232 1474 251 1532 3
341 1486 374 1538 ‘24
395 1488 410 1538 u
431 1469 553 1551 obrepit
575 1473 758 1552 partemque
782 1474 871 1534 secat
893 1470 931 1534 de
955 1471 1045 1534 ueste
1069 1471 1190 1536 fluenti.

664 1654 834 1719 REGVM
859 1655 889 1719 ll

231 1801 251 1862 4
339 1813 373 1866 23
393 1815 410 1865 s
434 1846 467 1862 ..
493 1795 584 1877 quasi
605 1796 801 1861 uermiculus
825 1797 903 1881 ligni
925 1797 1138 1862 tenerrimus,
1157 1846 1163 1861 .

232 1907 251 1966 5»
276 1920 353 1972 2311
368 1936 407 1988 sq.
432 1904 515 1967 huuc
539 1903 682 1985 sequitur
705 1902 841 1968 Semada
863 1904 986 1980 ducem,
1011 1903 1065 1986 qui
1088 1904 1223 1970 fortibus
1247 1905 1334 1969 ausis

432 2013 593 2074 sescentos
616 2008 745 2092 perimit
768 2014 800 2073 et
822 2013 964 2092 tempora
985 2011 1069 2075 laeta
1091 2010 1225 2075 reducit.

297 2229 392 2280 titulus
410 2227 562 2280 camerinum
576 2233 688 2294 praeter
710 2226 810 2280 Iobum
834 2227 949 2280 lrruluut
974 2234 1073 2280 ueteres
1092 2229 1214 2296 catalupi
1232 2229 1353 2283 Nazari-

208 2335 280 2370 unae
299 2323 323 2369 et
344 2316 566 2370 t'luniacensium
585 2315 817 2370 bibliothecarum.

298 2425 309 2476 l
331 2423 422 2477 Miro:
441 2422 577 2495 Quqsitus.
597 2422 880 2494 Denique-penates.

301 2514 379 2581 Vulq.
398 2513 435 2566 Et
452 2511 543 2566 Dauid
561 2512 634 2580 fugit
652 2518 680 2565 ct
699 2512 820 2565 saluatus
840 2518 882 2565 cst
900 2516 979 2565 uerte
998 2512 1053 2567 illu.

295 2620 426 2673 uultu:
457 2618 583 2673 Precuue.
616 2618 822 2672 Nunc-eudes.
855 2620 905 2673 Alc
939 2619 1026 2677 (cudis
1060 2621 1175 2675 deterior
1206 2622 1290 2676 codex
1318 2624 1358 2689 cs.

205 2710 336 2763 Martini.
361 2709 421 2761 l'II
438 2712 483 2773 92,
509 2712 534 2761 4.
557 2713 581 2762 6.
603 2712 623 2761 8
641 2707 718 2761 audis
738 2714 766 2761 et
783 2709 880 2768 nescis.
898 2708 1024 2769 Baccara.
1044 2710 1112 2779 quid
1132 2712 1169 2764 sit
1188 2716 1276 2782 opus.)

300 2798 378 2867 Vulq.
401 2796 491 2850 Iratus
515 2800 605 2849 autem
631 2796 696 2850 Saul
719 2796 849 2850 aduersus
867 2796 1001 2851 Iousthsn
1021 2798 1091 2852 dixit
1101 2799 1126 2852 ei
1140 2818 1147 2852 r
1162 2798 1217 2852 Fili
1234 2800 1358 2854 mulieris

205 2889 292 2941 uirum
315 2886 387 2940 ultro
411 2887 551 2956 rapientis.
574 2886 707 2956 numquid
728 2886 833 2955 ignoro,
859 2885 923 2956 quis
946 2886 1038 2957 diligis
1061 2886 1147 2941 filium
1170 2888 1226 2943 Issi
1246 2890 1273 2943 in
1295 2907 1357 2944 cou-

205 2976 338 3029 fusionem
357 2981 433 3027 tuum
452 2977 480 3027 et
498 2973 526 3027 iu
546 2973 729 3029 confusionem
747 2974 842 3027 matris
861 2974 944 3027 tuae?
957 2974 1012 3043 (31)
1025 2976 1150 3031 omnibus
1166 2978 1237 3031 enim
1252 2978 1357 3047 diebus,

210 3062 306 3133 quibus
315 3063 387 3117 filius
397 3061 452 3116 Issi
462 3061 561 3115 uixerit
570 3078 651 3131 super
659 3066 767 3124 terram,
777 3078 832 3115 non
843 3059 990 3117 stabilieris
1000 3066 1039 3122 tu.
1050 3080 1137 3134 neque
1147 3082 1260 3133 reguum
1269 3070 1356 3121 tuum.

299 3172 315 3221 3
334 3169 431 3221 llice:
451 3167 704 3237 dirrupit—fluerem.
733 3170 904 3238 partemque]
923 3169 1076 3239 pariterque
1098 3172 1213 3225 deterior
1231 3173 1322 3227 codex.

303 3258 380 3327 Vulq.
393 3257 512 3311 Surrexit
528 3274 590 3325 ergo
601 3256 693 3310 Dauid
703 3262 732 3311 et
749 3256 883 3327 praecidit
900 3274 974 3313 orem
988 3258 1137 3327 chlamydis
1153 3261 1218 3315 Saul
1236 3262 1355 3316 silenter.

292 3368 311 3417 4
332 3364 498 3417 Aldlrelmuc
513 3382 543 3431 p.
571 3368 645 3417 310:
667 3369 745 3417 tener
766 3365 935 3428 tenerrimus,
950 3368 982 3417 ut
999 3364 1027 3418 in
1040 3366 1163 3420 Basiliou
1179 3374 1286 3422 cautum
1302 3373 1354 3425 cst:

203 3452 487 3525 quusi-tenerrimus.

300 3542 380 3613 Vulq.
398 3541 473 3595 Haec
491 3542 602 3595 uomina
620 3542 730 3595 fortium
748 3540 841 3594 Dauid
857 3583 863 3593 .
879 3539 974 3595 sedens
993 3541 1020 3593 in
1040 3541 1168 3597 cuthcdrs
1186 3544 1355 3614 sapientissi-

207 3650 267 3687 mus
289 3632 414 3703 princeps
436 3631 508 3685 iuter
531 3637 586 3684 trus
610 3631 668 3701 ipsc
692 3635 735 3684 est
757 3631 835 3700 quusi
854 3630 1013 3683 tenerrimus
1031 3628 1100 3699 ligni
1119 3632 1289 3687 uermiculus.
1309 3635 1356 3701 qui

207 3722 378 3790 octingentos
395 3721 533 3775 interfecit
550 3723 653 3791 impetu
672 3736 734 3773 uno.
930 3706 933 3713 ’

293 3832 309 3882 5
327 3829 385 3882 uid.
405 3828 534 3882 Indicum
551 3846 599 3881 αιι.
621 3832 675 3880 721
691 3844 730 3895 sq.

299 3918 376 3985 Vulp.
409 3918 446 3970 llt
473 3923 536 3987 post
565 3917 635 3970 hum·
670 3914 849 3981 (Eleazarum)
884 3916 991 3969 Semme
1023 3914 1093 3969 lilius
1122 3916 1180 3985 Age
1212 3916 1245 3970 de
1273 3918 1353 3975 Arari

205 4004 230 4073 (d
250 4002 368 4074 Σαμαίας
387 4003 442 4066 uio<
460 4002 520 4056 lua
539 4003 553 4055 ό
572 4004 687 4074 Apum
703 4010 731 4057 et
745 4003 904 4073 cougregati
919 4010 983 4057 sunt
996 4003 1163 4057 Philistlriim
1178 4003 1205 4057 in
1220 4004 1351 4058 statium:

206 4104 265 4146 erat
292 4092 331 4146 ibi
360 4092 459 4163 quippe
487 4108 553 4161 eger
580 4092 654 4145 lente
682 4091 785 4162 plenus.
816 4108 928 4163 cumque
958 4093 1075 4162 l'ugisset
1106 4092 1221 4163 populus
1245 4110 1261 4147 u
1283 4093 1353 4147 secie

202 4182 379 4244 philisthiim,
401 4182 457 4249 (12)
478 4182 558 4235 stetit
575 4180 622 4235 ille
642 4180 670 4234 in
688 4179 778 4233 medic
799 4182 857 4251 egri
877 4188 904 4235 et
922 4182 1009 4235 tuitus
1029 4187 1070 4235 est
1085 4198 1145 4236 eum
1164 4182 1351 4251 percussitque

202 4270 442 4325 Philisthaeos.et
460 4271 525 4324 ierit
544 4270 668 4324 domiuus
688 4268 803 4324 salutem
823 4286 956 4339 maguam.

255 4396 337 4434 xxur.
353 4394 422 4443 cypr,
439 4404 498 4445 pou,
1158 4376 1190 4428 14
