3167 4975
743 328 894 381 Hilarii

360 522 497 604 primum
521 523 659 588 qurrrinis
682 523 789 588 taeiss.
815 523 901 586 aliud
925 526 1001 588 sunt
1024 543 1077 588 ora
1099 524 1211 588 lenuis.

250 635 264 692 ἵ
361 630 432 694 inde
458 631 580 712 aquilae
605 630 763 712 uitulique
788 633 893 712 caput.
918 630 969 695 his
994 630 1140 694 omnibus
1164 631 1251 696 alae:

361 736 481 801 diuisae
507 736 619 802 officiis
643 737 702 800 hae
727 741 820 811 sunt;
845 756 917 800 narn
942 737 1076 801 maxima
1100 737 1216 801 summi

361 861 415 907 ora
438 843 489 908 dei
513 845 620 909 uelant
644 863 768 928 semper
791 845 966 927 faciemque
990 863 1153 909 coruscam

359 954 555 1032 praeterunt.
579 951 696 1016 nimius
720 955 834 1017 noceat
855 972 894 1016 ne
916 952 1058 1016 fulminis
1082 952 1174 1015 arder

359 1061 536 1140 optutuque
561 1076 649 1123 sacer
671 1058 764 1122 feriat
787 1077 846 1123 cen
868 1058 1001 1122 fulmine
1024 1057 1197 1122 mundum:

248 1167 262 1218 ἴ
271 1167 283 1217 -·'
359 1167 453 1246 atque
478 1165 557 1230 aliae
580 1165 752 1230 inuoluunt
775 1165 896 1230 similes
921 1165 1059 1248 uestigia
1082 1182 1180 1238 saera,

359 1289 397 1334 ne
423 1273 502 1336 ferte
525 1271 674 1337 incendat
696 1288 822 1354 pressas
846 1271 897 1335 nis
920 1271 1013 1354 ignea
1035 1273 1152 1334 terras:

358 1381 508 1460 ternaque
532 1381 601 1441 tum
624 1377 716 1442 binae
741 1377 877 1442 uolitant
899 1397 955 1459 per
977 1377 1102 1441 muenia
1124 1375 1234 1439 mundi

362 1487 549 1566 auratasque
573 1485 680 1548 serunt
703 1503 833 1565 pennas.
859 1487 891 1548 et
913 1484 1032 1547 lumine
1056 1484 1157 1546 multu

359 1592 531 1674 peruigiles
556 1591 683 1656 discunt
707 1592 801 1656 urbes
825 1596 978 1673 actusque
1001 1609 1183 1673 precesque.

403 1697 497 1762 Haud
522 1698 617 1763 dubia
640 1699 690 1762 his
714 1698 824 1762 formis
849 1698 967 1763 Christi
990 1701 1184 1762 monstratur
1206 1697 1321 1780 image.

359 1823 493 1886 namque
518 1807 551 1869 et
574 1805 668 1868 homo
694 1808 743 1868 est
763 1805 918 1871 Christus.
943 1804 1054 1867 mertis
1074 1806 1220 1886 gustator
1238 1821 1371 1867 amarae.

358 1913 391 1974 et
413 1910 533 1974 uirtute
556 1912 605 1975 leo
631 1916 689 1979 est.
714 1912 858 1976 indoctos
883 1912 1011 1976 caedere
1035 1911 1134 1979 ferre:

358 2021 390 2082 et
414 2017 547 2084 uitulus.
573 2018 720 2100 quoniam
745 2021 795 2082 est
817 2017 978 2100 peccantis
1002 2018 1133 2081 uictima
1156 2015 1275 2080 mundi.

359 2124 413 2204 qui
436 2125 515 2187 bene
539 2143 594 2206 pro
619 2125 742 2188 nunctis
766 2123 961 2205 impenditur
983 2124 1089 2187 hestia
1111 2123 1214 2188 terris.

255 2231 282 2285 ’ἵ
358 2230 433 2312 quid
457 2231 553 2295 iacies
578 2231 701 2312 aquilae
726 2233 800 2312 pest
824 2231 910 2296 haee.
936 2230 1011 2311 quid
1034 2231 1134 2294 ferrus
1157 2228 1316 2310 requiris?

357 2338 514 2419 permittit
536 2337 683 2420 praedam
712 2337 798 2400 eaelo
824 2355 911 2401 sacer
935 2337 1019 2411 ales3
1045 2354 1143 2400 ouans
1166 2335 1194 2399 is

361 2443 506 2509 Christus
531 2445 599 2517 erit,
624 2443 715 2509 tenis
739 2447 864 2527 raptum
889 2463 980 2526 quem
1006 2444 1143 2508 collocet
1166 2441 1277 2512 astris:

362 2570 496 2633 namque
520 2552 575 2616 ille
599 2552 630 2615 in
656 2550 750 2615 caelis
774 2550 900 2631 placide
923 2551 1027 2615 benus
1049 2550 1230 2614 interuentu

356 2659 488 2723 uulnera
510 2660 698 2739 peccantum
725 2658 817 2723 celat.
842 2656 987 2740 grauiora
1008 2659 1175 2739 parentum

245 2766 286 2827 76
350 2763 479 2849 nritigat
502 2767 534 2829 et
556 2764 649 2827 terris
673 2763 787 2827 iratum
812 2766 969 2845 temperat
990 2763 1107 2846 ignem.

400 2872 448 2935 'fu
473 2870 527 2951 qui
550 2870 707 2953 terrigeno
733 2869 870 2933 referens
895 2867 1031 2934 ueniam.
1055 2868 1123 2950 ipse
1145 2886 1333 2950 propagans.

358 2982 602 3056 acturusque
629 2978 729 3057 pater.
754 2979 862 3038 natum
887 2974 1005 3055 pietate
1029 2974 1167 3055 quietus.

308 3194 413 3249 50-59
432 3196 486 3249 Isa.
507 3197 532 3253 6,
553 3196 570 3248 2

254 3373 289 3427 50
308 3372 445 3426 υἰ,.1ἰ(ι’
508 3374 539 3425 51
562 3372 612 3427 hae
633 3373 705 3441 sunt]
725 3376 784 3445 hlsr
806 3374 916 3444 (prosth
938 3388 993 3425 rena
1010 3372 1061 3423 litt.
1077 3387 1155 3423 ernau
1171 3368 1326 3433 roerrrriearlor
1347 3369 1371 3421 ('

219 3462 363 3516 lraastarrt
380 3476 396 3513 r
450 3460 484 3513 52
504 3461 630 3528 uelantp
650 3463 807 3517 uolitantG
844 3462 958 3532 semper]
974 3462 1104 3514 circnma
1160 3459 1193 3511 '04
1210 3456 1371 3526 eptatuan

218 3566 285 3603 eurr.
302 3564 323 3616 p
343 3550 495 3619 appetitum
507 3568 523 3600 rt
542 3550 625 3605 feriat
631 3568 653 3621 p
672 3553 765 3607 feritet
783 3571 797 3606 r
815 3552 939 3607 feeeritet
959 3552 1022 3618 (aaa.
1042 3566 1072 3603 ee
1092 3548 1230 3613 abutaris)
1249 3546 1275 3600 G
1312 3547 1371 3613 ceu]

217 3655 269 3692 neu
279 3658 296 3690 a
351 3638 385 3691 .ἢὸ
397 3638 479 3691 aliae:
491 3640 541 3693 litt.
554 3641 562 3693 i
573 3642 720 3697 aeraria-ulo
730 3642 876 3697 ur'olataG
890 3642 949 3695 else
959 3659 977 3691 π
1031 3639 1064 3693 61
1081 3643 1208 3709 gustatus
1222 3643 1254 3691 ut
1273 3636 1329 3689 nid.
1346 3635 1372 3689 G

217 3745 318 3783 eamr
409 3728 443 3781 62
466 3728 583 3783 indoctis
606 3730 630 3783 G
655 3747 724 3785 corr.
744 3750 760 3782 rt
852 3732 886 3785 65
911 3730 989 3785 faciei
1017 3730 1149 3800 aquilqlr'
1169 3730 1372 3783 camararius

218 3816 311 3887 aquila
328 3832 344 3868 r
381 3816 426 3886 qui
446 3818 557 3871 tonnam
577 3818 700 3887 requires
724 3818 749 3873 G
769 3836 837 3873 eurr.
852 3838 873 3887 p
893 3819 955 3889 quis
973 3819 1043 3872 sorte
1063 3817 1177 3888 requirit
1195 3818 1240 3870 uel
1259 3818 1283 3871 si
1301 3818 1371 3871 forte

217 3906 330 3974 requiris
352 3924 369 3954 a
444 3906 478 3957 66
497 3906 604 3959 ouantis
622 3906 647 3957 (ι’
668 3924 736 3961 corr.
751 3926 769 3959 π
789 3925 829 3961 aar
847 3907 987 3962 quanter?
1063 3908 1097 3961 68
1116 3906 1238 3976 placidus
1257 3906 1328 3959 bono
1346 3906 1372 3960 G

217 4010 285 4047 corr.
308 4014 324 4045 a
380 3994 414 4047 69
434 3995 525 4063 grauis
544 4012 591 4049 ura
611 3998 656 4063 (aa.
677 3996 812 4063 grauiora)
835 3996 861 4051 G
881 4014 919 4050 aar
939 3996 1035 4066 grania
1053 3997 1122 4049 sira?
1178 3996 1209 4049 71
1231 3996 1270 4049 Tu
1291 3996 1337 4065 qui
1348 4014 1370 4064 p

215 4082 338 4153 Artuqne
360 4082 386 4133 G
408 4084 455 4146 [Ae
475 4083 539 4135 olim
558 4082 668 4137 tristetur
691 4086 900 4153 superscriptum
916 4085 1007 4152 jaima
1025 4085 1192 4138 sacrament
1206 4086 1371 4152 iraseqreerr-tr'r

217 4185 322 4228 serenet
343 4170 384 4224 Ae
404 4176 434 4225 tu
455 4172 500 4241 qui
520 4190 537 4222 π
661 4174 694 4225 72
714 4174 751 4227 ,tt
769 4177 800 4227 tu
822 4173 847 4224 G
867 4190 935 4227 sorr.
952 4190 972 4239 p
991 4174 1027 4227 Et
1045 4177 1076 4226 tu
1095 4192 1111 4223 a
1148 4178 1240 4227 natum
1259 4174 1284 4223 G
1305 4176 1372 4227 (narr

217 4264 294 4318 natu)
