3167 4975
202 344 244 407 58
517 339 705 410 Cypriani
733 341 1025 411 heptateuchos

206 537 247 598 25
384 532 497 616 oppida
519 532 632 598 sudato
655 532 795 598 condunt
815 535 967 598 nonnulla
988 533 1105 611 labore,

379 639 577 706 Ramaasum,
599 637 745 720 Pythona
767 637 889 716 dehinc,
914 643 946 702 et
967 639 1092 703 nomine
1116 640 1197 705 Solis

317 760 357 813 ‘12
380 745 517 808 Etonum
540 742 705 827 insignem.
730 744 785 808 sed
808 744 932 820 mirum,
957 764 1018 828 quo
1040 765 1131 830 mage
1154 747 1237 810 tristi

380 851 522 914 laborum
546 850 604 914 sub
628 849 713 913 fasce
735 848 805 925 uit,
829 849 889 916 hoo
913 854 1025 914 cuncta
1047 850 1197 916 iuuentus

384 954 494 1018 fortior
516 953 655 1029 emicuit,
678 953 780 1017 ueluti
802 953 912 1018 feriata
934 957 1081 1020 maneret.

206 1101 212 1116 ·
327 1075 359 1129 13
382 1063 516 1124 terretur
537 1059 639 1142 magis
662 1062 756 1141 atque
779 1061 880 1143 magis
904 1079 955 1124 ren
978 1064 1088 1126 toruus
1109 1061 1246 1145 Aegypti

381 1163 535 1244 exitioque
558 1167 657 1227 uouet
678 1163 816 1227 nondum
841 1183 898 1228 sua
919 1165 1007 1229 iussa
1028 1165 1187 1242 timentes,

324 1285 357 1338 lo
379 1268 572 1351 praecipiens
595 1267 686 1346 mais,
710 1269 832 1351 pariant
855 1288 926 1333 cum
950 1271 1091 1354 germina
1112 1271 1204 1346 fetae,

382 1375 566 1458 extinguant
586 1374 778 1456 perdantque
801 1394 913 1454 mares,
937 1394 994 1440 nec
1016 1395 1116 1459 poena
1138 1377 1264 1442 *referre

331 1515 333 1518 -
380 1479 419 1543 ad
440 1479 578 1553 maritae,
603 1479 630 1543 si
652 1479 771 1544 iuratae
794 1480 942 1563 despecta
964 1481 1159 1563 relinquant:

325 1602 357 1656 15
381 1603 512 1668 quarum
535 1585 626 1648 Phua
647 1584 708 1648 fuit
730 1585 816 1650 socia
838 1604 910 1650 cum
934 1585 1072 1669 Sephora
1095 1586 1187 1650 diota

325 1707 358 1760 17
382 1710 461 1772 quae
484 1693 600 1755 terrore
624 1690 674 1755 dei
696 1689 809 1754 timida
831 1691 912 1756 inter
934 1692 1027 1756 corda
1048 1692 1151 1757 locato

324 1810 357 1863 18
382 1794 521 1859 ductoris
543 1797 698 1877 tempsere
721 1794 823 1859 minas
847 1798 950 1878 atque,
976 1795 1080 1861 adfore
1102 1796 1217 1876 iussae,

322 1917 355 1969 19
377 1901 537 1964 Hebraeas
559 1901 647 1965 nullo
671 1899 780 1964 dicunt
802 1901 953 1965 solamine
976 1902 1072 1966 fultas

377 2008 518 2070 maturos
539 2025 669 2088 propere
693 2025 862 2072 consuesse
886 2007 1042 2072 effundere
1064 2007 1158 2072 fetus.

320 2127 355 2181 20
379 2130 458 2194 quae
480 2113 607 2194 propter
629 2111 747 2176 domini
768 2115 950 2176 meruerunt
973 2107 1057 2176 dicta
1079 2112 1229 2192 fauorem,

321 2232 353 2284 21
380 2216 538 2280 consuetis
562 2234 631 2279 sese
654 2216 828 2298 gaudentes
852 2215 982 2281 condere
1006 2216 1110 2294 tectis,

379 2322 453 2385 dum
478 2321 639 2385 dominum
661 2324 729 2386 toto
753 2322 917 2386 laudantes
942 2323 1033 2388 corde
1056 2325 1214 2388 uerentur.

321 2442 355 2496 22
423 2426 564 2492 Vertitur
585 2426 752 2510 imperium
774 2427 910 2510 proceris
933 2429 1131 2513 populusque
1154 2433 1298 2495 monetur

379 2532 560 2616 progenitos
582 2532 648 2595 Nili
670 2551 784 2615 pueros
807 2553 942 2598 mersare
965 2534 1093 2600 fluento.

202 2643 244 2703 45
379 2640 468 2721 paret
490 2638 583 2701 turba
606 2638 678 2702 duci
701 2643 865 2703 nascentes
888 2640 1016 2705 flumine
1039 2660 1193 2726 mergens.

255 2746 275 2807 2
340 2763 353 2812 1
379 2762 458 2824 quos
481 2742 562 2806 inter
585 2745 691 2807 motus
714 2743 841 2809 Leuites
865 2745 997 2828 coniuge
1021 2746 1116 2810 dueta

338 2864 355 2916 2
379 2850 565 2931 progenerat
585 2846 717 2930 pulchro
742 2848 925 2913 candentem
950 2868 1075 2933 corpore
1100 2854 1208 2915 natum

377 2951 617 3035 conspicuisque
640 2951 739 3035 genis,
763 2971 939 3036 magnaque
963 2954 1141 3037 extinguere
1165 2956 1247 3019 uitat

376 3058 519 3121 futurum
543 3076 615 3121 cum
638 3056 739 3123 forma
759 3050 874 3135 uirum,
899 3078 937 3122 ne
960 3059 1040 3124 forte
1063 3065 1200 3139 necetur,

198 3166 240 3229 50
377 3162 600 3245 occultumque
623 3162 711 3228 fouet
732 3162 796 3226 iam
818 3163 909 3227 trinis
932 3164 1093 3230 mensibus
1117 3166 1206 3233 actis.

337 3283 353 3338 3
377 3267 433 3333 sed
454 3269 599 3331 metuens
621 3286 764 3350 poenam,
788 3286 827 3331 ne
850 3267 935 3332 fraus
960 3269 1098 3334 admissa
1119 3274 1250 3353 pateret,

378 3372 554 3456 expositum
576 3372 676 3437 mittit
697 3374 808 3449 tristis,
833 3393 894 3457 quo
917 3392 1011 3439 rauca
1033 3375 1150 3439 fluenta

373 3478 406 3543 in
428 3497 562 3561 pronum
586 3478 704 3543 deferre
727 3482 856 3563 queunt,
881 3498 953 3543 cum
976 3480 1093 3563 remige
1117 3484 1232 3545 carent.

287 3632 332 3702 23]
350 3633 438 3687 Mico:
457 3632 558 3687 Ferita.
576 3634 848 3689 Fortior-moneret.

232 3788 267 3844 28
285 3789 348 3859 init]
364 3806 403 3842 arr
415 3789 489 3843 ruit?
544 3790 578 3843 29
593 3789 693 3842 enituit
706 3788 828 3843 Miconis
841 3790 908 3843 liter
922 3791 1037 3845 deterior
1073 3791 1171 3845 feriata
1179 3808 1201 3860 p
1216 3791 1296 3846 fenita
1308 3792 1336 3847 A

197 3876 272 3930 Mico
286 3875 385 3929 ferrato
398 3896 416 3927 π
461 3876 493 3929 31
515 3876 625 3929 ionetA
640 3893 706 3929 corr.
716 3894 739 3944 p
784 3870 818 3930 32
836 3878 903 3930 mais
913 3896 935 3947 p
953 3878 1114 3931 manibusA
1151 3878 1184 3933 33
1202 3880 1336 3934 referreA

198 3980 236 4017 on
253 3964 395 4017 recurrat?
459 3964 493 4017 34
508 3962 653 4016 admonitas
672 3966 699 4016 A
722 3963 866 4018 admeritas
885 3985 902 4017 π
937 3965 1078 4033 iurataep
1098 3968 1146 4033 (eo.
1166 3966 1334 4035 obstetrices)

197 4052 290 4105 inraA
304 4051 404 4104 iussae
417 4052 476 4105 iura
490 4050 565 4104 ducis
574 4051 677 4120 Meyer
731 4052 764 4106 35
778 4052 856 4106 Phua
860 4070 882 4121 p
897 4053 994 4107 incaA
1031 4053 1153 4107 sesoraA
1203 4054 1236 4108 37
1251 4071 1335 4125 marg.

196 4139 247 4191 ein.
260 4139 321 4190 ΧΑ
358 4139 509 4191 temsereA
562 4138 596 4191 38
616 4138 742 4192 aebraeas
756 4140 782 4191 A
837 4140 871 4193 39
890 4140 978 4193 foetus
993 4141 1019 4193 A
1078 4142 1113 4194 44
1131 4140 1295 4195 nilo-fluenti
1309 4141 1336 4195 A

200 4241 299 4293 comp
334 4226 496 4295 toparitA
514 4242 614 4280 com
649 4226 945 4296 461enitisAcorr.p
987 4229 1020 4283 52
1034 4228 1336 4298 inpositnmAeorr.p
