3167 4975
540 802 1004 918 Pacouhlvh.

262 1160 412 1243 Cypriani
437 1160 520 1225 Galli
544 1160 681 1225 hominis
710 1164 858 1234 carmina,
889 1163 1004 1245 quibus
1028 1164 1152 1228 Veteris
1175 1163 1369 1227 Testamenti

169 1266 377 1331 historiarum
402 1269 470 1331 tota
493 1266 591 1331 series
616 1272 783 1345 enarratur,
809 1268 849 1332 ad
871 1272 1015 1352 posteros
1034 1288 1095 1334 non
1120 1289 1263 1335 seorsum
1287 1262 1370 1334 edita

169 1374 339 1451 uenerunt,
365 1373 421 1437 sed
444 1373 482 1437 ab
508 1377 639 1438 exeunte
664 1374 799 1457 septimo
825 1376 952 1441 saeculo
976 1376 1007 1440 in
1031 1396 1130 1441 unum
1159 1394 1273 1459 corpus
1298 1396 1368 1441 con-

167 1479 280 1543 iuncta
309 1497 383 1542 cum
411 1478 480 1541 aliis
509 1478 623 1562 poetis.
653 1480 706 1561 qui
734 1480 846 1544 mundi
874 1481 1065 1545 creationem
1089 1484 1254 1563 ceteraque
1279 1487 1366 1565 gesta

168 1585 289 1649 ueteris
323 1584 508 1649 testamenti
539 1585 698 1667 persecuti
732 1590 824 1654 sunt:
849 1587 881 1651 in
914 1588 1030 1670 quibus
1068 1607 1229 1652 summum
1261 1588 1367 1653 locum

167 1690 291 1754 obtinet
315 1690 458 1755 Alcimus
482 1691 599 1755 Auitus
624 1692 851 1758 Viennensium
874 1695 906 1758 in
932 1694 1037 1760 Gallia
1073 1694 1251 1777 episcopus.
1299 1693 1367 1757 eius

167 1796 367 1861 collectionis
396 1798 647 1861 uetustissimam
677 1799 862 1863 memoriam
898 1800 1046 1865 exhibent
1079 1800 1215 1885 catalogi
1241 1802 1366 1865 ueteres

165 1902 382 1967 Laurissensis
407 1902 624 1970 cluniacensis
649 1904 816 1969 Bobiensis
837 1906 989 1971 coenobii.

260 2008 430 2093 Catalogus
450 2010 595 2076 codicum
616 2010 647 2077 S.
666 2010 820 2076 Nazarii
844 2013 1106 2078 Laurissensis
1131 2014 1268 2096 scriptus
1289 2033 1313 2079 s.
1336 2014 1362 2076 li

165 2115 252 2179 huno
286 2116 387 2181 adfert
419 2116 549 2181 titulum
584 2114 637 2201 (G.
671 2116 802 2195 Becker,
836 2118 980 2203 Catalogi
1016 2122 1142 2183 ueteres
1174 2140 1205 2202 p.
1237 2120 1298 2183 111
1333 2140 1364 2184 n.

164 2222 232 2285 463
259 2220 342 2307 sqq.)
356 2220 394 2307 ll:

302 2328 441 2393 Metram
476 2329 652 2413 Cypriani
691 2349 785 2415 super
816 2332 1076 2414 Heptateuchum
1109 2336 1141 2397 et
1171 2332 1296 2417 Regum
1333 2335 1365 2397 et

256 2436 375 2500 Hester
398 2436 503 2502 Iudith
529 2440 561 2502 et
583 2436 858 2504 Machabaeorum.
883 2436 1021 2502 Metram
1045 2438 1183 2505 Alcimi
1207 2439 1245 2504 ad
1268 2438 1362 2523 Apol-

257 2543 406 2607 linarium
443 2543 625 2626 episcopum
663 2543 736 2608 libri
769 2544 815 2608 VI
835 2544 879 2607 :I
916 2545 953 2609 de
985 2544 1076 2609 initio
1114 2544 1224 2609 mundi
1255 2545 1287 2609 Π
1325 2547 1363 2612 de

258 2650 403 2734 originali
426 2653 555 2732 peccato
580 2650 626 2712 lll
651 2649 687 2713 de
713 2650 871 2715 sententia
894 2650 944 2714 dei
962 2651 1026 2714 llll
1046 2651 1084 2714 de
1108 2651 1229 2717 diluuio
1252 2653 1362 2718 mundi

255 2755 283 2816 V
323 2755 360 2820 de
394 2755 530 2820 transitu
562 2756 658 2820 maris
689 2756 775 2819 rubri
810 2753 860 2842 [de
894 2757 1002 2820 decem
1034 2758 1138 2841 plagis
1174 2757 1323 2846 Aegypti]
1335 2759 1362 2846 ²)

257 2861 302 2926 VI
326 2863 364 2927 de
392 2863 584 2947 uirginitate.
617 2865 753 2926 metrum
785 2863 984 2928 Dracontii
1017 2863 1055 2927 do
1092 2863 1210 2928 fabrica
1241 2865 1359 2932 mundi.

253 2973 391 3033 metrum
424 2969 657 3036 Columbani.
691 2969 745 3034 alii
777 2989 890 3034 uersus
923 2989 1018 3052 quam
1055 2969 1194 3053 plurimi.
1227 2971 1258 3035 in
1296 2989 1359 3036 uno

253 3076 371 3141 codice.

252 3183 340 3247 Inter
367 3183 642 3248 Cluniacenses
669 3182 767 3248 libros
797 3183 959 3267 catologus
988 3185 1070 3247 intra
1093 3201 1190 3248 annos
1218 3184 1302 3247 1158
1328 3187 1361 3248 et

160 3289 247 3352 1161
276 3291 459 3372 conpositus
483 3291 529 3376 (L.
555 3290 685 3359 Delisle.
706 3289 748 3353 Le
774 3273 907 3354 Cabinet
934 3290 989 3355 des
1017 3289 1207 3354 manuscrits
1229 3289 1262 3354 II
1294 3292 1359 3355 459

155 3393 242 3480 sqq.)
266 3399 411 3462 recenset
433 3397 517 3462 hunc
541 3397 699 3462 codicem:

295 3505 357 3568 537
383 3504 540 3569 Volumen
563 3504 596 3568 in
620 3522 681 3587 quo
711 3503 890 3569 continetur
911 3503 1109 3567 Alchimus
1133 3503 1300 3586 episcopus
1324 3503 1355 3566 in

251 3613 453 3693 eptateucum
485 3611 639 3688 uersihce,
674 3614 706 3675 ct
740 3609 773 3674 in
806 3610 904 3675 libros
936 3609 1060 3692 Regum
1095 3609 1354 3692 Paralipomenon

249 3717 368 3781 Hester
389 3717 496 3781 Iudith
515 3716 769 3784 Machabeomm.
797 3720 829 3781 et
852 3716 1041 3800 opusculum
1065 3715 1103 3780 de
1126 3716 1228 3780 ueteri
1246 3715 1355 3780 Testa-

247 3825 366 3898 mento,
383 3823 550 3889 natiuitate
570 3843 607 3888 ac
625 3825 771 3908 passione
787 3823 907 3888 domini
922 3825 1101 3906 excerptum
1117 3822 1155 3887 de
1169 3821 1354 3907 Virgiliano.

250 3999 268 4062 ¹)
290 3995 400 4052 distinxi
418 3999 488 4054 hunc
506 4000 618 4054 titulum
637 4000 665 4052 in
683 3999 820 4069 prooemio
839 3999 966 4053 Anitianc
985 4015 1011 4068 p.
1029 3997 1102 4055 Llll.

247 4087 268 4152 ²)
299 4085 343 4141 his
375 4087 472 4153 uerbis,
502 4105 570 4158 quae
598 4088 701 4143 uncinis
728 4088 836 4153 inclusi,
873 4088 1042 4158 significatur
1072 4087 1241 4141 notissimum
1279 4086 1347 4140 illud

151 4174 276 4244 Eugenii
305 4193 410 4231 carmen
438 4178 599 4248 trigesimum
628 4177 668 4232 ed.
694 4177 840 4243 Sirmondi,
869 4175 941 4246 quod
963 4193 1017 4230 non
1045 4193 1094 4231 sno
1112 4175 1170 4229 loco
1190 4179 1352 4229 recensetur.

151 4260 203 4316 aed
227 4267 277 4316 ant
299 4263 441 4334 legebatur
462 4269 525 4336 post
542 4265 716 4320 Dracontium
735 4267 808 4320 inter
824 4265 983 4336 Bugoniam
998 4266 1122 4329 camina,
1137 4267 1186 4317 aut
1198 4261 1348 4318 subiectum

151 4353 214 4404 erat
234 4352 328 4421 quinto
347 4353 444 4408 Alcimi
462 4353 531 4408 libro
550 4357 659 4425 propter
677 4355 831 4425 argumenti
850 4353 1064 4409 similitudinem.

150 4473 240 4521 XXIII·
253 4473 319 4526 cypr.
334 4483 396 4527 post.
1300 4473 1317 4512 ⁸
