3167 4975
645 341 888 410 Prolegomene.
1277 339 1338 393 XLI

197 521 350 586 notabiles
375 537 612 601 nonnumquam
636 520 675 583 ad
696 523 816 582 textum
832 522 915 582 recte
931 518 1185 582 constituendum
1202 517 1338 581 multum

196 626 332 690 ualeant.
378 625 481 689 Huius
510 624 622 688 aetatis
646 623 788 687 codicum
812 622 1102 706 praestantissimus
1126 626 1173 687 est
1198 622 1255 704 V„
1286 621 1340 702 qui

198 734 229 795 et
252 731 410 794 nonnullis
434 729 510 793 locis
534 729 644 792 unicus
667 727 835 792 lectionem
863 728 1032 810 genuinam
1057 728 1196 792 seruauit
1219 727 1272 810 (ci.
1291 726 1339 789 ΙΙΙ

198 833 273 916 192)
297 839 327 898 et
343 834 526 916 saepissime
548 833 697 897 lectiones
722 832 835 896 codicis
852 832 875 896 G
892 830 1071 905 confirmat3
1084 832 1134 895 cl.
1153 851 1179 894 c.
1196 851 1226 914 g.
1243 831 1258 894 Ι
1275 827 1339 892 760

195 939 244 1002 ΙΙΙ
267 938 319 1020 44,
342 936 394 1019 59,
419 936 492 1019 205,
515 936 577 1000 227
602 938 647 1001 IV
671 935 743 1000 242.

240 1043 389 1108 Codicum
412 1063 436 1107 s.
453 1044 482 1106 X
499 1044 680 1107 inferiorum
696 1043 846 1106 lectiones
869 1042 994 1124 saepius
1017 1060 1114 1124 quam
1130 1043 1262 1105 fortasse
1287 1061 1338 1104 ex·
1400 1035 1450 1096 ine

1361 1091 1493 1129 recentiores

197 1149 387 1233 spectaueris
412 1166 481 1212 eam
505 1148 544 1212 ob
567 1165 696 1212 causam
719 1147 852 1230 respexi,
880 1151 915 1211 nt
937 1148 1109 1230 imaginem
1137 1150 1239 1209 textus
1263 1164 1340 1229 pau-

195 1254 285 1318 latim
317 1252 489 1336 depredati,
521 1253 634 1336 quippe
667 1273 683 1315 e
715 1256 923 1316 correctorum
951 1251 1081 1315 consilio
1108 1250 1264 1314 emendati
1287 1251 1340 1314 de-

195 1359 367 1442 pingerem.
407 1358 451 1421 Ex
475 1357 524 1421 his
548 1357 705 1421 codicibus
722 1359 765 1421 Η]
789 1376 852 1422 non
874 1358 982 1440 paucis
1005 1357 1082 1421 locis
1105 1375 1177 1420 cum
1200 1355 1335 1437 codd.V¹

198 1467 229 1526 ab
249 1462 290 1542 Vp
314 1463 390 1526 facit
412 1463 451 1526 cf.
469 1482 493 1526 c.
512 1463 575 1545 g.I
598 1461 637 1524 31
663 1459 801 1546 (infert)
827 1462 858 1526 ΙΙ
881 1460 945 1524 328
971 1461 1114 1545 (iamque
1136 1460 1256 1522 itcracm
1279 1468 1339 1522 ter·

198 1588 270 1628 ram
285 1575 489 1629 remcoeecrat
504 1565 540 1628 in
560 1563 738 1652 Galileom)
764 1565 892 1630 111369
910 1565 1030 1651 (sicae),
1047 1567 1078 1629 H
1094 1585 1193 1650 paene
1210 1583 1340 1648 apogra-

195 1671 294 1755 phum
317 1671 430 1735 codicis
453 1671 561 1751 Best,
593 1671 637 1735 Hl
661 1689 754 1754 saepe
778 1690 850 1735 cnm
874 1670 915 1752 V,
939 1670 1083 1752 concinit,
1112 1669 1140 1735 G
1163 1689 1234 1734 cum
1257 1670 1284 1732 B
1308 1673 1340 1733 et

196 1777 229 1840 L.
270 1775 390 1840 Codicis
414 1775 784 1860 Neoclaustroburgensis
808 1776 957 1840 lectiones
980 1775 1095 1857 ubique
1118 1776 1182 1839 iere
1206 1776 1338 1858 neglexi,

195 1885 263 1944 tum
297 1881 432 1964 respexi,
471 1899 543 1944 cum
581 1885 691 1946 notatu
730 1882 840 1965 dignas
872 1885 926 1945 aul
960 1901 1033 1945 cum
1066 1881 1225 1945 codicibus
1260 1882 1339 1945 anti-

196 1985 354 2067 quissimis
393 1990 601 2069 congruentes
634 1985 812 2050 exhibebat.
863 1986 1018 2050 Accuratc
1053 1986 1162 2050 notaui
1196 1986 1338 2050 editionis

195 2089 381 2154 Poelmanni
410 2091 570 2171 lectiones,
602 2109 674 2155 cnm
707 2110 741 2154 ex
772 2091 809 2154 iis
839 2091 974 2154 maxime
997 2090 1211 2174 perspiciatur,
1243 2108 1339 2172 quam

196 2194 326 2258 studiosi
349 2195 490 2258 homines
514 2215 569 2278 per
592 2196 729 2262 medium
751 2213 864 2260 aenum
888 2196 971 2259 docti
986 2196 1104 2260 luerint
1119 2195 1270 2258 sermonis
1286 2194 1339 2258 ln-

196 2298 339 2363 uenciani
361 2300 567 2381 proprietates
591 2300 719 2363 tollendi
743 2300 796 2363 nel
819 2300 988 2363 minuendi.

238 2404 368 2468 quenci
391 2403 517 2468 uerbis
542 2404 790 2487 explanandis
814 2405 873 2467 uiri
897 2404 981 2467 docti
996 2423 1051 2486 per
1067 2403 1204 2467 medium
1222 2421 1336 2466 aeuum
1359 2427 1442 2478 grossae

193 2527 319 2592 operam
333 2509 417 2574 haud
433 2510 576 2593 exiguam
589 2512 755 2573 nauarunt.
790 2508 974 2573 Glossarum
992 2527 1071 2590 qnae
1088 2508 1190 2572 adhuc
1205 2512 1338 2588 restant,

192 2633 264 2695 pars
277 2615 385 2698 lingua
398 2614 497 2677 latina
510 2618 557 2677 est
573 2614 759 2696 conscripta,
776 2613 856 2677 aliae
872 2614 1050 2677 theutonice
1067 2614 1117 2677 uel
1130 2614 1202 2677 irice
1215 2618 1337 2677 sonant.

193 2718 382 2801 Plerumque
405 2719 486 2782 inter
502 2738 652 2782 uersuum
675 2718 774 2782 lineas
798 2718 955 2801 leguntur,
979 2717 1148 2782 nonnullae
1164 2735 1183 2781 a
1199 2719 1337 2781 carmine

193 2826 354 2906 separatae
379 2826 409 2887 et
432 2822 464 2886 in
488 2842 584 2886 unum
601 2823 750 2887 collectae
767 2822 980 2885 inueniuntur.
1015 2822 1066 2885 Ad
1082 2823 1220 2905 primum
1235 2842 1337 2906 genus

192 2927 372 2991 referendae
404 2940 477 2991 sunt
507 2928 629 3011 glossae
661 2946 740 3009 quae
768 2928 800 2991 in
825 2927 929 2991 codice
951 2928 979 2991 R
1003 2946 1021 2991 a
1044 2946 1139 2990 mann
1163 2928 1337 2992 recentiore

192 3032 339 3115 leguntur
370 3036 417 3096 ut:
449 3034 545 3115 prael.
574 3033 589 3093 l
625 3030 815 3094 inmortale:
849 3031 1051 3112 inmutabile,
1083 3052 1189 3094 citrea
1219 3032 1339 3094 Roma:

193 3141 319 3219 propter
349 3137 475 3201 diuitias
511 3142 542 3202 cb
571 3138 753 3219 imperium,
788 3136 809 3199 3
839 3135 1055 3198 inrevocabile
1090 3145 1230 3221 tempus:
1264 3138 1338 3219 quia

193 3259 316 3324 semper
339 3241 477 3305 uoluitur
501 3246 531 3304 ct
555 3242 701 3322 decurrit,
732 3241 753 3303 4
776 3264 854 3327 quo:
883 3262 981 3324 usque
1005 3242 1090 3321 dum,
1122 3250 1266 3303 torrens:
1289 3260 1338 3305 ar-

193 3346 279 3425 dena,
305 3344 322 3407 7
340 3343 573 3429 frequentaret:
595 3346 765 3427 celebrant,
790 3345 810 3409 8
833 3344 1064 3409 adcetmulact:
1086 3347 1117 3409 id
1141 3351 1189 3410 est
1211 3352 1337 3429 augent,

193 3447 321 3510 sitlos:
335 3468 454 3533 grecos,
479 3447 571 3512 celsi:
587 3451 709 3530 excelsi,
727 3448 902 3536 Smyrnae:
918 3451 1027 3515 ciuitas
1044 3450 1174 3531 homeri,
1183 3448 1338 3535 fluentes:

192 3553 244 3617 uel
274 3552 399 3633 fluuius
436 3552 475 3616 10
502 3553 669 3618 Maronis:
701 3556 835 3621 Mantua
866 3557 981 3639 uirgilii
1010 3556 1064 3620 ubi
1095 3558 1192 3619 currit
1222 3555 1337 3619 fluuius

194 3658 325 3721 mincius
349 3658 438 3721 aliter
462 3660 576 3723 mincia
599 3660 659 3724 fuit
681 3680 744 3724 uno
767 3662 805 3723 de
829 3661 950 3743 sybillis
975 3678 1054 3742 quae
1078 3664 1204 3724 tantum
1220 3678 1337 3743 magna

192 3763 263 3843 fuit,
287 3766 322 3825 ut
339 3763 430 3827 stella
446 3764 504 3827 celi
527 3764 679 3828 diceretur
701 3765 773 3828 inde
797 3766 908 3829 dicitur·
924 3765 1067 3848 uirgilius
1083 3765 1233 3828 cecinisse
1250 3782 1336 3828 more

192 3867 277 3931 illius
301 3870 332 3931 et
356 3871 405 3931 est
428 3888 539 3932 sensus
563 3870 644 3933 sicut
666 3868 737 3933 fluit
759 3870 838 3934 illud
860 3868 979 3933 flumen
1000 3871 1044 3933 sic
1067 3869 1120 3932 illo
1143 3878 1160 3933 i
1182 3869 1337 3952 sapientia

194 3976 225 4037 et
254 3976 289 4036 ut
319 3970 452 4036 firmitas
484 3974 619 4037 ciuitatis
643 3975 687 4038 ita
710 3975 836 4038 illorum
860 3980 1040 4037 sanctorum
1064 3974 1095 4037 in
1118 3974 1177 4038 hoc
1200 3975 1335 4037 saeculo.

193 4077 225 4140 in
247 4077 387 4160 margine
411 4075 553 4140 uers.10
575 4078 703 4161 legitur:
736 4079 816 4142 troia
838 4097 894 4143 nos
917 4097 1073 4158 romanos,
1099 4078 1137 4140 11
1160 4078 1337 4140 discurrit:

193 4181 368 4261 conlaudat,
384 4190 516 4244 cotom:
531 4186 705 4265 poetarum,
731 4182 771 4245 12
786 4192 955 4245 aetemae:
970 4202 1032 4247 non
1050 4188 1098 4247 est
1115 4188 1242 4247 aeterna
1256 4202 1335 4264 quae

193 4284 286 4348 finem
310 4285 416 4365 habet,
442 4283 482 4348 15
498 4284 638 4369 famem:
661 4288 779 4352 scilicet
794 4288 915 4353 homeri
932 4292 963 4351 et
985 4288 1110 4372 uirgilii,
1136 4286 1175 4351 18
1200 4286 1336 4351 imbuet:
