3167 4975
246 353 308 415 188
561 351 748 420 Cypriani
776 351 1067 421 heptateuchos

243 545 308 609 240
447 545 587 621 cantioa;
611 566 684 610 uam
708 545 794 610 alind
818 530 964 611 dominus
988 548 1020 609 te
1044 563 1155 628 cogere
1179 563 1240 609 non
1264 544 1346 621 uult,

444 651 497 733 qui
520 656 630 727 terras,
655 652 709 734 qui
732 671 806 716 sara
829 652 940 734 quatit,
965 653 1019 735 qui
1043 651 1167 715 flamine
1190 653 1323 734 pontum

444 761 571 823 emouet
594 761 626 823 et
647 757 767 822 tonitru
790 757 948 842 nigrantia
970 756 1079 821 nubila
1102 757 1214 834 sulcat.¹

445 865 565 949 exiguis
590 865 644 948 qui
667 865 752 930 celsa
773 865 872 931 leuat.
896 864 951 947 qui
975 863 1105 948 grandia
1126 867 1239 928 mutat.

444 970 599 1036 dulcisoni
623 974 746 1036 cantate
771 969 868 1036 chori.
893 970 1053 1052 collesque
1077 988 1251 1052 nemusque

442 1077 630 1158 responsent
651 1075 826 1157 laudesque
850 1077 948 1140 uouet
969 1073 1137 1138 tinnitibus
1161 1073 1325 1155 (aether).

441 1182 585 1264 protinus
610 1185 642 1246 et
663 1185 789 1247 uestrae
814 1180 1004 1246 concordent
1025 1199 1188 1243 murmura
1211 1179 1292 1244 uoci.

443 1289 579 1372 respexit
602 1288 759 1363 dominus,
784 1307 864 1370 quos
888 1288 1033 1370 liquerat.
1059 1290 1090 1351 et
1112 1286 1194 1350 male
1217 1285 1325 1349 fractis

443 1394 580 1458 reddidit
602 1394 769 1478 imperium
792 1393 960 1477 medioque
984 1412 1019 1457 en
1042 1393 1133 1458 hoste
1156 1393 1302 1476 recepit.“

674 1503 690 1533 ᾗ
931 1501 947 1533 ἓ

802 1555 819 1586 ¹}

383 1625 417 1677 32
440 1609 522 1694 Ergo
547 1613 658 1691 quater
680 1608 778 1674 denos
801 1607 925 1690 requies
950 1611 999 1672 est
1022 1608 1101 1671 mira
1124 1626 1179 1690 per
1201 1625 1309 1672 annos.

239 1717 373 1785 25061
441 1715 578 1799 dumque
602 1716 694 1782 bouis
717 1716 842 1784 fruitur.
867 1715 981 1779 iterum
1005 1715 1155 1779 redeunte
1178 1717 1277 1788 reatu,

441 1841 520 1904 quse
543 1822 668 1887 luerent
691 1822 848 1888 damnata.
872 1823 1015 1905 placent3
1041 1839 1174 1904 namque
1197 1819 1284 1885 idola
1305 1819 1381 1884 laeti

438 1928 611 1994 instituunt
633 1948 810 2012 nomenque
834 1927 884 1993 dei
907 1947 1086 2010 numenque
1109 1927 1299 2009 relinquunt.

439 2055 519 2117 quos
543 2035 689 2100 dominus
712 2036 819 2100 laesus
844 2037 966 2118 septem
989 2033 1176 2117 disperdidit
1198 2033 1287 2098 annis

437 2161 472 2207 ac
495 2141 628 2225 panidos
651 2143 719 2227 regi
741 2142 839 2207 iussit
862 2143 980 2206 seruire
1003 2141 1137 2206 Mediae.

236 2249 300 2313 255
395 2265 412 2317 2
435 2268 496 2313 uon
521 2249 579 2313 ulli
602 2248 674 2313 dare
698 2267 732 2313 se
756 2267 878 2331 campo,
902 2267 963 2313 non
988 2248 1083 2313 obuia
1105 2249 1184 2313 ferre

438 2358 575 2438 pectora,
601 2353 657 2420 sed
680 2353 757 2418 solis
781 2353 921 2438 gaudent
943 2373 977 2418 se
1000 2353 1133 2418 condere
1155 2353 1272 2418 muris:
1314 2417 1318 2424 ,

437 2464 541 2527 eastra
562 2461 656 2527 modo
680 2461 827 2545 celsaque
851 2464 938 2527 metu
961 2461 1137 2526 munimina
1158 2461 1293 2533 firmant,

430 2568 665 2651 fornicibusque
689 2570 777 2634 cauis
801 2570 947 2635 absconsi
971 2568 1016 2633 sic
1040 2587 1164 2651 quoque
1186 2569 1316 2651 pallent.

395 2693 412 2747 4
436 2679 504 2739 tun.
527 2695 624 2759 pecus
648 2696 740 2740 omne
764 2676 844 2759 capi,
867 2679 937 2740 tum
959 2675 1086 2758 praedia
1109 2678 1223 2740 'cuncta
1246 2675 1374 2741 cremari

233 2783 298 2846 260
434 2782 589 2865 incipiunt
611 2783 792 2865 saeptisque
816 2783 895 2847 nihil
917 2782 979 2847 uisi
1000 2800 1102 2866 poena
1123 2781 1267 2864 relinqui.

393 2905 408 2958 7
433 2908 506 2973 ergo
529 2889 638 2971 inopes
661 2889 840 2971 famemque
865 2889 961 2953 simul
983 2887 1163 2971 ferrumque
1185 2889 1334 2954 timentes

432 2994 471 3058 ad
494 2994 656 3060 dominum
678 2995 796 3060 rediere
822 2996 926 3071 deum,
951 2994 1005 3078 qui
1028 2996 1169 3079 supplice
1193 2997 1286 3061 turba

265 3166 317 3220 240
326 3184 469 3237 narnquert
523 3168 576 3221 242
590 3170 734 3223 euometO
758 3169 850 3225 tonitu
864 3190 886 3222 ω
941 3170 993 3225 245
1012 3186 1099 3224 nouus
1118 3172 1141 3225 ds
1160 3171 1285 3241 tinnitib3
1305 3192 1330 3242 q.
1353 3172 1376 3226 0

230 3256 323 3309 aether
333 3257 398 3311 add.
404 3274 487 3325 pom.
499 3278 520 3307 ω
606 3258 657 3312 246
676 3258 799 3328 protinus
818 3262 850 3313 ut
867 3274 947 3312 uerae
963 3280 984 3311 ω
1003 3276 1071 3314 corr.
1091 3278 1107 3311 π
1168 3260 1219 3315 248
1238 3262 1334 3331 recipit
1347 3262 1374 3315 L

221 3350 286 3412 post
318 3344 371 3399 248
402 3347 492 3399 multa
522 3348 691 3401 imactdme
721 3349 846 3415 suspicor
872 3365 894 3415 p
928 3349 1039 3415 „seriem
1081 3350 1239 3417 ampliorem
1271 3351 1374 3405 canitici

226 3432 379 3500 Debborae,
421 3435 496 3502 quod
527 3442 611 3503 poeta
643 3453 697 3505 pro
735 3453 807 3489 errore
841 3453 892 3491 suo
928 3437 1061 3492 lsorrrerr'ro
1098 3440 1219 3505 perrexit
1258 3439 1373 3495 heroicis

225 3522 316 3575 maris
337 3521 473 3577 imane
496 3526 631 3579 interiisse
650 3531 733 3595 putot
756 3546 773 3578 rr
891 3528 942 3580 249
972 3526 1183 3581 ardenne-annos
1212 3530 1262 3583 del.
1291 3531 1322 3583 in
1345 3531 1372 3582 A

223 3611 303 3681 mira]
319 3610 428 3665 mireB
445 3613 567 3667 missaO
628 3614 680 3668 250
698 3616 740 3669 nis
758 3615 947 3670 fruitur-reatu
967 3616 1018 3670 dcl.
1037 3616 1109 3669 inA
1159 3616 1371 3688 251411555-

224 3700 290 3755 laeti
317 3701 370 3756 dcl.
398 3705 425 3756 A
440 3686 600 3774 ‘dampnata
621 3706 676 3760 BG
700 3705 767 3759 loeti
795 3706 819 3759 0
955 3708 1008 3761 252
1036 3724 1187 3776 nomenque
1215 3710 1372 3779 relinquunt

224 3816 275 3870 del,
294 3818 324 3869 in
342 3816 369 3870 A
405 3835 501 3873 nomen
529 3820 671 3888 utromque
689 3821 743 3874 BG
773 3777 874 3891 relinqt
905 3822 928 3875 0
1024 3822 1370 3879 2581aerusGlaesosL

223 3904 300 3958 annis
328 3906 379 3960 del.
408 3908 435 3959 A
560 3909 613 3962 254
639 3908 757 3979 madiae]
785 3909 827 3963 iae
857 3912 908 3965 del.
937 3912 963 3964 A
1089 3912 1141 3966 255
1169 3930 1222 3967 non
1255 3913 1323 3967 nulli
1348 3934 1369 3965 ω

223 3991 304 4047 obuio
331 3994 410 4064 ferre]
439 4013 495 4049 urea
520 4015 534 4049 o
564 3998 616 4052 litt.
643 4000 774 4051 restauret
801 4000 832 4052 in
854 4000 880 4052 A
932 4000 994 4054 obia
1017 4000 1045 4054 B
1170 4003 1222 4056 256
1256 4003 1369 4059 condere

221 4064 316 4151 muln
336 4084 387 4136 nu.
407 4102 421 4136 e
440 4102 467 4137 m
486 4086 537 4139 oo.
553 4087 581 4139 A
648 4088 700 4141 257
720 4084 862 4144 ermeno
879 4091 929 4144 un.
950 4094 997 4143 ant
1016 4091 1067 4146 aaz.
1081 4090 1109 4144 Α
1177 4092 1229 4146 aas
1249 4109 1328 4147 cuns
1342 4094 1368 4147 n

222 4168 424 4232 absconditirtis
440 4172 475 4239 L)
491 4196 513 4225 ω
532 4191 599 4227 corr.
614 4175 719 4244 nlayor
754 4178 869 4247 pallent]
890 4180 941 4233 litt.
955 4186 986 4232 nt
1001 4180 1051 4233 del.
1068 4180 1094 4233 A
1149 4181 1201 4234 259
1216 4182 1283 4252 capi.
1299 4184 1368 4252 turn]

221 4264 330 4327 captum
345 4278 366 4309 on
421 4260 474 4314 260
492 4264 576 4333 septis
591 4282 612 4313 ω
648 4264 688 4317 nil
702 4264 728 4318 L
764 4267 875 4337 penaev
927 4268 977 4321 261
997 4268 1086 4333 farneti
1102 4268 1128 4321 B
