3167 4975
697 373 947 428 Prooemium.

779 558 883 732 X

701 756 867 809 Nazariarms.
887 758 955 811 liber

808 849 843 1031 l-

726 1071 921 1142 'Wigborlianns

1022 2157 1066 2220 ,Β
1379 2158 1408 2221 0

319 2261 415 2325 Liber
442 2262 468 2323 ι’
489 2281 590 2343 neque
616 2283 651 2327 er
675 2262 707 2325 A
731 2282 833 2345 neque
858 2284 894 2328 ex
913 2262 947 2326 B
969 2264 1126 2331 deductus
1152 2270 1211 2342 est,
1236 2285 1308 2329 nem
1335 2265 1433 2329 habet

232 2369 390 2451 genuinos
412 2388 526 2435 uersus
551 2370 604 2451 qui
638 2370 669 2432 in
702 2369 767 2435 illis
801 2370 1028 2446 desiderantur,
1063 2393 1089 2437 e.
1124 2394 1154 2457 g.
1190 2373 1217 2439 G
1253 2372 1430 2438 734—736

230 2472 338 2554 (OG),
364 2476 402 2538 N
419 2478 531 2560 51s52.
558 2479 747 2552 aee-253,
773 2480 847 2543 339.
872 2479 897 2542 Ε
924 2479 987 2543 763
1013 2500 1070 2562 sq.‚
1095 2481 1170 2559 908,
1196 2481 1271 2556 968,
1295 2478 1341 2543 ΙΝ
1366 2478 1429 2542 257

229 2582 262 2645 in
286 2581 318 2644 A
342 2584 489 2658 omissos
514 2584 543 2647 N
568 2586 632 2649 306
658 2585 814 2649 omissum
837 2585 869 2648 in
893 2583 935 2651 B.

321 2690 415 2753 Liber
438 2689 469 2752 B
492 2711 553 2754 non
578 2693 757 2775 descriptos
793 2696 843 2755 ost
876 2713 911 2756 er
930 2694 1000 2774 ipso
1024 2693 1066 2758 A.
1092 2693 1148 2758 sed
1177 2714 1212 2757 ex
1245 2693 1429 2758 detruncato

232 2797 312 2860 libro
346 2796 398 2862 ill.
432 2798 465 2861 in
498 2818 559 2880 quo
594 2797 729 2864 Genesis
765 2803 797 2862 et
829 2800 955 2864 Exodus
989 2803 1021 2863 et
1056 2799 1194 2864 Leuitiei
1226 2801 1326 2864 maior
1357 2817 1429 2881 pars

230 2904 370 2982 deerant,
403 2905 480 2968 item
513 2905 543 2968 N
576 2907 731 2970 63-172
767 2909 799 2970 et
823 2908 999 2970 229-284
1023 2907 1112 2970 nulle
1134 2907 1273 2970 fenest-re
1298 2905 1428 2978 omissi;

232 3011 300 3092 ipse
325 3015 431 3075 antem
456 3013 596 3084 seruauit
620 3013 666 3076 IN
691 3013 754 3078 257
781 3017 814 3076 et
836 3013 866 3076 N
890 3014 964 3080 339.
990 3014 1130 3095 quinon
1158 3014 1309 3097 leguntur
1330 3012 1362 3075 in
1385 3011 1427 3078 A.

333 3117 479 3206 ‘Vterque
503 3119 583 3181 liber·
605 3119 636 3180 A
662 3121 693 3182 et
716 3117 749 3182 B
778 3121 936 3184 artissime
967 3121 1051 3184 inter
1083 3139 1117 3184 ee
1151 3119 1311 3186 coniuncti
1343 3122 1428 3186 sunt.

232 3224 316 3305 quod
341 3225 514 3287 sexcenties
539 3225 746 3288 lectionesL
779 3226 886 3289 littera
920 3227 1117 3310 significatae
1153 3229 1329 3300 testantem
1370 3245 1428 3288 nee

231 3334 337 3394 temen
362 3331 467 3394 minus
492 3349 584 3414 saepe
609 3329 641 3392 R
667 3350 739 3394 eum
769 3329 974 3396 Oeensentit
1007 3337 1116 3397 eontra
1137 3334 1255 3397 librum
1277 3331 1319 3397 A.
1345 3351 1428 3414 quae

232 3456 281 3502 res
305 3436 431 3500 facilem
455 3437 695 3520 explicationem
721 3438 837 3512 habet;
861 3457 933 3501 nam
964 3441 1033 3520 quis
1067 3460 1127 3505 non
1162 3439 1272 3503 uideat
1293 3438 1368 3502 libri
1403 3437 1432 3500 G

232 3545 413 3609 contextum
439 3543 592 3626 originem
616 3545 750 3608 traxisse
775 3563 811 3606 ex
836 3545 1003 3626 exemplari
1031 3566 1093 3610 non
1125 3546 1267 3629 pleniore
1299 3545 1427 3626 quidem

231 3647 319 3734 (narn
343 3650 428 3732 quod
452 3651 596 3714 ludieum
621 3669 675 3714 uu.
705 3652 835 3715 10-69
859 3651 964 3723 habet,
998 3652 1053 3733 qui
1083 3653 1116 3715 in
1140 3650 1170 3714 L
1201 3651 1428 3721 desiderentur,

232 3757 321 3840 elie¹)
359 3761 408 3822 est
441 3775 544 3832 oense,
584 3757 641 3822 sed
677 3757 740 3820 iam
777 3761 924 3841 corrupto
971 3759 1092 3834 eodem,
1130 3757 1213 3822 unde
1259 3759 1353 3823 etiam
1394 3755 1428 3819 B

325 3985 342 4050 ¹)
370 3984 416 4052 qui
440 3985 497 4038 fieri
525 3985 650 4054 potnerit,
671 3988 703 4036 ut
724 3983 836 4038 Osolus
855 3988 974 4038 seruaret
992 3984 1041 4037 hos
1060 4000 1161 4048 uersus,
1181 3985 1203 4036 si
1223 3983 1362 4037 deriuotus
1383 3985 1427 4035 est

232 4089 264 4126 ex
282 4075 362 4128 steno
390 4073 453 4127 libri
480 4073 515 4140 B,
545 4073 592 4142 qui
619 4072 713 4127 eodem
741 4072 885 4142 archetypo
913 4090 977 4126 usos
1005 4075 1047 4128 est
1074 4089 1134 4126 enm
1161 4073 1197 4135 A,
1226 4076 1297 4126 certo
1317 4069 1426 4140 quidem

231 4179 339 4231 nequeo
364 4162 466 4228 dieere;
494 4162 550 4229 sed,
578 4165 609 4216 ut
637 4178 726 4233 soepe,
758 4162 853 4216 folium
880 4179 949 4216 nexu
973 4178 1021 4214 suo
1049 4161 1169 4214 solutum
1191 4161 1220 4213 in
1245 4177 1324 4213 eausa
1342 4160 1426 4215 fuisse

230 4250 353 4305 uidetur:
372 4257 435 4305 sunt
454 4252 524 4305 enirn
544 4251 684 4320 sexaginta
702 4267 804 4315 uersus,
824 4251 870 4320 qni
897 4250 953 4303 sine
982 4248 1064 4302 dubio
1092 4249 1196 4302 duabus
1223 4248 1338 4318 pagellis
1364 4265 1424 4319 per·

229 4339 311 4408 sripti
329 4339 445 4396 suerunt.
467 4343 494 4393 et
512 4340 602 4393 nescio
623 4357 656 4392 en
675 4338 853 4410 interpolator
871 4338 976 4408 Anglus
994 4339 1065 4392 inter
1089 4339 1241 4408 fragmenta
1268 4339 1425 4392 uetustioris
