3167 4975
565 359 815 413 Prooemium.
1183 343 1303 406 XXVII

119 534 298 599 subscribere
324 554 396 597 cum
420 536 517 601 locos.
543 538 719 619 exquibus
745 556 919 601 cousensus
946 536 1093 619 Cypriani
1116 554 1189 598 cunr
1213 536 1299 599 LXX

120 644 146 703 ct
165 640 241 703 Itala
263 660 358 722 quani
398 642 508 707 dicunt
544 644 689 709 uersione
727 647 899 727 appareret.
939 648 1010 707 tum
1044 642 1099 707 ubi
1132 648 1242 705 auctor
1265 642 1303 704 ab

121 746 234 811 Graccis
256 748 440 831 Latinisque
463 749 604 815 fontibus
630 751 712 815 notis
737 752 927 827 declinarem
966 750 1022 814 sed
1061 768 1134 812 cum
1168 748 1304 811 alterum

120 856 191 915 entra
228 852 457 919 dubitationem
495 862 580 921 esset
593 858 626 937 1).
665 860 799 922 altemm
829 876 944 939 auceps
970 859 1002 920 et
1034 856 1203 924 lubricum.
1228 856 1304 919 dum

119 958 243 1023 nondum
267 960 353 1023 edita
375 962 477 1025 multa
500 962 532 1026 in
555 963 758 1028 bibliothecis
793 966 903 1028 latent,
929 964 1006 1027 satis
1042 963 1115 1025 duxi
1143 963 1175 1025 in
1206 963 1305 1026 nomi-

119 1065 199 1129 nibus
221 1067 354 1149 proprIIs
379 1068 455 1148 quid
478 1069 688 1134 intercederet
711 1071 794 1135 inter
833 1070 1007 1153 Cyprianea
1031 1072 1063 1132 et
1085 1068 1305 1151 Hieronymia-

119 1192 182 1235 uum
206 1192 309 1238 sacrae
333 1175 464 1257 paginae
490 1180 671 1241 contentum
705 1177 893 1260 significare.
924 1180 1059 1240 caueant
1086 1180 1202 1251 tamen,
1236 1176 1304 1255 qui-

117 1298 239 1360 cumque
261 1281 371 1364 legent
392 1281 661 1365 Heptateuchum,
686 1282 842 1365 quidquid
876 1282 1050 1365 Cyprianus
1074 1281 1179 1355 tradit,
1204 1282 1302 1344 Italae

117 1385 282 1449 adscribant
305 1388 430 1463 omnia;
456 1406 527 1451 uam
550 1389 661 1452 multis
686 1390 765 1453 locis
790 1393 979 1454 auctorent
1008 1388 1215 1470 deprauatum
1239 1390 1303 1451 tex-

117 1496 174 1554 tum
197 1494 293 1557 Italae
318 1499 448 1559 secutus
473 1498 522 1560 est
551 1500 607 1559 aut
643 1497 711 1578 ipse
750 1495 908 1561 errauitb.
940 1494 994 1559 sed
1028 1496 1066 1557 de
1089 1495 1139 1559 Ins
1168 1494 1303 1575 aliisque

117 1598 208 1673 rebus,
232 1618 311 1679 quae
337 1601 398 1663 hnc
431 1601 598 1683 pertinent„
637 1601 880 1685 diligentinsime
914 1606 1069 1682 quantum
1107 1602 1212 1684 potuit
1248 1621 1304 1683 per

117 1704 240 1770 editores
263 1706 383 1788 priores
409 1706 539 1771 Carolus
559 1708 680 1771 Becker
700 1709 779 1791 egit:
802 1708 841 1771 ad
856 1710 940 1772 bunc
954 1710 1054 1792 igitur
1073 1712 1105 1772 ct
1122 1709 1300 1773 ,Iohannem

117 1812 146 1873 E.
168 1812 201 1877 B.
225 1813 334 1896 Mayor
356 1814 496 1879 lecturos
520 1815 615 1879 reicio
632 1814 667 1897 ³).

196 1916 278 1997 Quae
303 1920 503 1983 adiunnImus
528 1922 667 1984 carmina
691 1921 733 1984 de
759 1921 917 1985 Sodoma
942 1926 1056 2002 atque
1089 1922 1180 1983 lona
1215 1927 1301 1998 post-

116 2044 199 2105 quem
223 2025 274 2089 diu
300 2026 467 2102 haesitem,
506 2047 580 2090 num
615 2028 758 2091 eiusdem
793 2028 938 2110 Cypriani
973 2031 1089 2096 essent.
1124 2047 1207 2091 nunc
1240 2046 1301 2089 uon

116 2150 176 2193 csse
200 2152 331 2213 cumque
356 2133 486 2195 titulum
512 2133 742 2216 'Wigbodianae
776 2134 913 2196 familiae
948 2133 1068 2197 auctori
1102 2133 1208 2196 deberi
1246 2153 1302 2215 pro

197 2273 215 2333 ¹)
230 2272 282 2324 uid.
295 2274 376 2326 etiam
398 2274 518 2342 exemplu
538 2274 634 2342 quibus
647 2274 739 2341 blapor
759 2292 783 2341 p.
800 2272 889 2325 XLIII
905 2290 962 2343 sqq.
974 2271 1003 2325 C.
1018 2272 1121 2324 Becker
1139 2290 1164 2335 p.
1185 2273 1220 2325 28
1239 2290 1302 2324 con·

115 2375 210 2411 sensnm
220 2358 347 2429 Cypriani
367 2380 425 2414 cum
445 2362 515 2415 Itala
535 2361 690 2430 probarunt.
710 2363 825 2414 siraninus
844 2360 1023 2413 similitudine
1042 2365 1123 2429 pocta
1137 2361 1224 2413 utitur
1241 2378 1300 2413 cum

117 2447 317 2520 li'irceburgensi
337 2451 436 2505 codice.
460 2468 539 2518 quem
561 2452 652 2504 Ilankc
672 2468 727 2519 nou¹
754 2468 812 2504 csse
840 2451 982 2504 Africanae
1011 2449 1122 2519 originis
1151 2448 1300 2510 contendit,

116 2543 194 2590 contra
215 2538 426 2594 Ottobonianum
447 2546 473 2592 et
492 2541 711 2610 Lugdunensem.
731 2557 818 2606 ncquc
838 2539 973 2592 consentit
998 2557 1056 2591 cnm
1086 2538 1253 2591 Tertulliano
1273 2545 1301 2591 ct

115 2629 252 2695 Augustino
271 2631 359 2698 magis
379 2647 459 2697 quam
479 2647 538 2683 curn
559 2628 699 2682 ¹Imbrosio
720 2631 747 2682 ct
765 2629 939 2696 Hieronymo.
964 2627 1034 2680 undo
1063 2628 1107 2679 uin
1126 2625 1238 2680 dubium
1259 2632 1301 2679 cst

115 2716 171 2780 quin
190 2733 290 2770 carmen
309 2717 400 2770 indole
420 2735 468 2770 sua
488 2717 618 2771 Gallicam
639 2719 769 2785 originem
791 2717 886 2786 produt
907 2716 1020 2770 {Becker
1038 2734 1063 2784 p.
1084 2716 1137 2773 libb.

192 2809 211 2860 aq
230 2807 266 2859 sic
286 2823 317 2860 er
335 2807 405 2859 male
424 2807 562 2859 intellecto
583 2807 683 2861 Gracco
704 2811 779 2858 textu
799 2807 827 2858 in
851 2807 963 2858 latinam
983 2805 1134 2858 uersionem
1164 2810 1298 2857 uenerunt

116 2892 196 2946 bria
213 2895 390 2948 Paulaeum
411 2899 469 2966 (τῇς
489 2895 641 2957 irradiasset.
662 2897 683 2950 E
704 2899 735 2949 'li
756 2897 904 2949 Etonum.
925 2912 955 2946 es
975 2895 1106 2962 corruptis
1121 2894 1208 2946 Italae
1219 2894 1295 2946 libris

115 2998 160 3034 non
176 2999 230 3036 raro
248 2986 352 3036 numeri
371 2984 521 3053 depredati.
541 2988 572 3037 ut
590 2985 630 3039 IN
649 2986 700 3037 aab
720 2983 746 3038 N
767 2987 833 3047 1293
853 2984 916 3036 inde
935 2985 1003 3036 alios
1022 2983 1170 3052 permultos
1197 3000 1298 3036 errores

116 3069 208 3124 fluxisse
227 3074 352 3142 suspicor,
375 3079 404 3126 ut
419 3074 441 3127 si
460 3074 474 3128 l
494 3076 526 3126 it
547 3077 581 3133 (1,
602 3073 645 3126 :332
666 3074 897 3126 Betlrsamitae
913 3072 1156 3124 cththanitae
1175 3072 1298 3123 inmunes

115 3157 233 3224 dicuutur,
252 3179 310 3213 cnm
330 3161 488 3214 tributarios
508 3160 598 3214 dicant
616 3162 687 3214 Lxx
709 3169 735 3213 et
756 3161 881 3230 Vulgata.
910 3163 943 3213 cl'.
972 3161 1053 3212 etiam
1082 3161 1095 3212 l
1124 3161 1174 3211 bib·
1195 3159 1296 3228 quinam

115 3261 160 3298 non
177 3249 285 3316 amplius
307 3261 405 3302 unamn
425 3251 514 3301 nescio
535 3267 568 3302 arr
588 3251 644 3319 ipse
665 3250 815 3318 Cyprianus
835 3251 964 3302 errauisse
990 3248 1136 3300 credendus
1166 3248 1209 3311 sit,
1240 3265 1299 3300 cum

117 3336 239 3388 t'etlrum
267 3339 324 3390 Noe
354 3338 438 3390 tilium
464 3343 553 3390 narret
581 3357 627 3408 pro
658 3341 750 3392 anino
780 3338 881 3393 Gaea.
902 3338 988 3390 multa
1008 3338 1116 3389 norninn
1135 3338 1193 3388 sine
1214 3336 1296 3388 dubio

115 3427 193 3478 uersui
221 3427 435 3480 adcounnodauit
463 3432 542 3496 pocta
572 3433 602 3480 nt.
630 3428 882 3492 lionibcnelurm
903 3427 998 3480 Thali
1019 3426 1182 3484 (Estlraolr
1204 3425 1217 3478 I
1236 3427 1298 3476 537.

116 3514 275 3568 Thamnam
302 3515 514 3582 ,Thnmnata'q
543 3515 746 3569 llrrradurum
775 3515 1031 3584 theuaeddorn:
1060 3515 1114 3566 alia
1142 3513 1299 3583 Cyprianeis

116 3599 180 3655 libris
198 3611 258 3658 sunt
276 3605 428 3663 tribuenda,
449 3607 478 3656 nt
499 3605 520 3657 si
544 3606 654 3658 nornrina
673 3605 699 3656 in
719 3605 806 3658 initiis
833 3622 958 3658 uersuum
991 3605 1079 3672 posita
1107 3604 1192 3671 prinm
1208 3604 1300 3655 littera

117 3690 261 3757 spoliantur;
289 3695 327 3746 sic
357 3694 502 3746 Areslina
532 3711 577 3763 pro
599 3694 765 3750 Zaredina.
788 3694 950 3747 Occodum
971 3711 1019 3762 pro
1040 3693 1231 3756 Soccodum,
1252 3700 1299 3746 aut

117 3781 214 3833 luntatis
231 3782 394 3836 initialibus:
416 3783 529 3836 lanera
549 3801 595 3852 pro
617 3785 741 3847 Sittena,
762 3783 915 3836 'Iabnlon
935 3799 982 3850 pro
999 3781 1155 3845 Zabulon,
1170 3782 1298 3835 Iasuris

118 3883 157 3933 pro
175 3873 203 3921 et
220 3871 343 3934 bauria,
363 3871 485 3924 Habali
505 3890 551 3941 pro
581 3872 710 3926 Nabali.
739 3879 828 3926 utrum
858 3872 992 3941 Cypriano
1012 3889 1045 3924 an
1073 3870 1151 3923 libris
1178 3871 1295 3922 dandum

119 3956 156 4012 sit.
170 3957 211 4011 ubi
227 3963 247 4012 C
265 3970 291 4014 et
309 3963 342 4018 (ι’,
363 3961 384 4012 ιΙ
403 3969 430 4012 et
449 3962 484 4024 I),
510 3962 574 4013 Tot
599 3960 659 4014 ΤΗ.
681 3962 713 4012 N
725 3967 752 4014 et
768 3961 801 4013 Ali
816 3964 1021 4014 commntantur.
1032 3977 1085 4012 nou
1096 3964 1168 4011 certo
1179 3962 1299 4022 conatam

119 4046 191 4100 insulta
208 4054 295 4103 tamen
315 4050 343 4102 id
363 4067 448 4119 genus
468 4068 536 4117 cquae
557 4051 659 4102 intacta
678 4050 783 4119 reliqui,
804 4049 917 4102 interime
933 4048 1016 4102 dubia
1036 4048 1171 4100 uidentur.
1192 4048 1298 4115 aliquo-

118 4134 180 4187 tiens
198 4139 401 4208 Cypriancorum
430 4139 558 4193 librorum
589 4143 712 4208 corrupta
735 4139 816 4191 lectio
837 4138 972 4190 emendari
999 4142 1088 4207 potest
1120 4136 1299 4191 saltabunt

120 4223 139 4274 tl
155 4225 202 4278 833
218 4227 315 4282 hordea
336 4229 344 4294 i
347 4227 393 4281 ubi
413 4229 565 4282 conferatur
583 4229 751 4294 biarteniusi.

198 4316 216 4382 ij
234 4317 261 4372 C.
280 4318 385 4371 Becker
403 4317 466 4370 diss.
486 4335 512 4387 p.
529 4318 642 4377 27-36,
661 4318 755 4385 Mapor
770 4317 815 4370 the
830 4317 898 4369 latin
910 4313 1081 4384 Heptateuch
1097 4331 1123 4381 p.
1138 4313 1230 4366 XLIII
1239 4331 1299 4382 sqq.
