3167 4975
210 324 283 388 VIII
737 342 986 395 Prooemium.

207 517 407 601 (ree-736,
444 518 687 603 reis-1420).
721 519 837 582 librum
871 519 902 581 iu
931 520 1026 583 huius
1055 519 1202 583 editionis
1231 520 1401 584 utilitatem

207 624 342 687 contulit
364 624 388 687 Ε
413 625 542 688 Hauler.
557 624 579 707 ¹)

293 774 403 856 ltaque
428 794 501 839 cum
524 778 643 841 multos
667 776 790 841 codices
816 776 1060 860 Cyprianeorum
1085 778 1257 841 carminum
1273 797 1354 843 nono
1371 783 1403 843 st

207 880 327 946 decimo
351 883 478 947 saeculo
501 882 600 948 fuisse
624 883 655 946 in
676 882 781 948 Gallia
800 883 985 966 Galliaeque
1010 884 1185 948 confinibus
1209 885 1289 949 locis
1314 884 1400 949 uide-

206 1007 306 1053 arnus.
331 992 426 1069 atque
451 989 545 1052 etiam
568 992 642 1072 post
664 990 805 1054 medium
833 991 995 1055 saeculum
1015 991 1075 1054 XII
1093 991 1125 1053 in
1141 988 1397 1055 cluniacensium

207 1095 405 1159 monaster-10.
430 1094 538 1176 quidni
560 1095 592 1159 in
616 1094 799 1180 Anglicanis
828 1118 952 1181 quoque
981 1098 1182 1162 bibliothecis
1211 1098 1310 1162 fuisse
1336 1116 1396 1161 cre·

206 1201 317 1266 damus
341 1221 376 1265 ex
400 1202 550 1266 Romanis
573 1202 738 1267 itineribus
762 1204 911 1270 adlatos?
939 1204 1057 1269 Romae
1087 1204 1148 1267 fuit
1174 1203 1399 1267 Aldhelmus

205 1326 230 1372 c.
263 1328 290 1371 a.
320 1310 394 1376 690,
425 1309 479 1389 qui
510 1309 736 1373 monasterium
767 1310 1050 1375 Malmesburiense
1081 1312 1257 1374 litterarum
1292 1309 1398 1372 sedem

206 1415 439 1480 celeberrimam
462 1414 609 1492 reddidit,
634 1415 757 1480 Bedae
776 1417 1002 1481 monasterium
1022 1436 1058 1480 er
1077 1416 1172 1480 huius
1192 1415 1252 1479 uiri
1272 1415 1397 1498 scriptis

204 1521 344 1587 conicere
375 1521 452 1585 licet
485 1540 579 1603 quam
612 1522 706 1585 fuerit
736 1522 880 1604 locuples
913 1523 1074 1598 librorum,
1099 1543 1178 1604 quos
1203 1522 1397 1586 Benedictus

204 1631 235 1692 et
254 1628 430 1695 Ceollridus
453 1629 582 1693 abbates
607 1628 850 1711 adportaueraut
882 1629 989 1713 (etiam
1017 1648 1053 1692 er
1078 1628 1181 1693 Galba
1204 1628 1396 1694 Benedictus

166 1796 170 1814 ,
203 1735 463 1799 innumerabilem
487 1734 637 1799 librorum
663 1735 764 1799 omnis
789 1735 912 1819 generis
932 1736 1055 1817 copiam
1084 1736 1234 1798 attulerat
1243 1733 1282 1819 ²).
1305 1754 1396 1816 porro

203 1844 371 1923 utrumque
388 1841 559 1923 Cyprianea
583 1842 720 1905 carmina
738 1841 929 1906 habuissein
947 1842 1050 1923 patria
1065 1844 1097 1904 et
1112 1841 1252 1923 pleniora
1268 1840 1395 1922 quidem

204 1967 298 2029 quam
321 1966 388 2024 nos,
414 1968 449 2012 ex
473 1966 581 2013 eorum
611 1948 736 2030 scriptis
756 1950 885 2032 apparet
895 1946 930 2031 3).
951 1967 1012 2011 non
1033 1947 1165 2011 dubium
1187 1947 1294 2030 igitur.
1319 1946 1393 2027 quin

203 2054 382 2119 Alcuinus
414 2054 446 2118 iu
478 2054 549 2137 ipsa
570 2054 817 2119 Eboracensium
850 2054 986 2128 libraria,
1020 2073 1114 2135 quam
1143 2052 1295 2135 quidquid
1320 2053 1394 2117 scri-

200 2163 333 2243 pserunt
354 2160 542 2225 Aldhelmus
568 2164 600 2223 et
621 2160 709 2224 Beda
732 2160 892 2242 possidere
926 2161 971 2223 ait
1002 2179 1033 2224 u.
1059 2161 1145 2224 1546
1170 2177 1326 2241 quamque
1358 2160 1395 2221 ut

201 2269 332 2351 augeret
352 2268 421 2349 ipse
439 2267 581 2331 delberti
603 2266 726 2331 abbatis
750 2284 856 2331 comes
875 2266 1008 2331 Romam
1034 2266 1194 2350 profectus
1219 2268 1268 2328 est
1286 2265 1395 2349 (libert

202 2372 323 2459 1115),
357 2374 604 2456 heptateuchum
628 2372 783 2456 Cypriani,
809 2373 900 2437 cuius
933 2391 1045 2437 uersus
1083 2373 1203 2455 aliquot
1237 2370 1347 2433 laudat
1357 2369 1385 2453 ⁴)

198 2478 302 2562 legere
333 2478 481 2563 potuerit,
515 2499 587 2544 cum
613 2479 700 2556 ,inter
733 2478 926 2545 Christianos
959 2484 1079 2562 poetas,
1104 2498 1238 2561 quorum
1263 2459 1389 2541 codices

291 2792 309 2860 ¹)
330 2794 387 2847 eius
407 2793 439 2847 de
459 2795 540 2846 uariis
559 2795 692 2854 manibus,
712 2795 810 2863 quibus
830 2799 969 2849 contextus
993 2795 1108 2865 scriptus
1137 2798 1186 2857 est,
1215 2793 1299 2847 uerba
1329 2798 1394 2846 sunt

201 2881 280 2936 haec:
302 2898 343 2947 „m
366 2886 377 2934 l
398 2882 489 2936 macht
504 2883 634 2936 zwiroheu
648 2899 676 2936 ec
690 2882 745 2937 und
759 2890 783 2936 et
798 2884 852 2936 fast
866 2901 914 2953 gar
923 2883 1021 2937 hainen
1033 2882 1217 2939 Unterschied,
1228 2900 1251 2936 α
1261 2881 1395 2936 erscheiut

203 2969 305 3024 sowohl
323 2971 365 3023 l'iir
384 2987 418 3024 oc
435 2971 485 3024 wie
504 2972 547 3024 ltir
565 2978 590 3024 et
608 2973 721 3040 gesetzt
739 2973 768 3040 is
781 2972 948 3026 nichtallein
962 2972 1005 3025 liir
1014 2974 1046 3034 is.
1061 2971 1176 3026 scudem
1189 2971 1283 3040 htufig
1298 2971 1341 3023 fiir
1353 2988 1396 3024 uc.

201 3059 282 3112 Diese
301 3058 381 3112 Haud
400 3059 510 3113 bedicut
528 3060 584 3113 sich
604 3060 678 3114 einer
696 3060 819 3114 aierulich
837 3059 996 3122 schwarzen
1014 3061 1068 3114 m2
1083 3061 1157 3113 einer
1166 3064 1249 3113 etwas
1264 3058 1394 3112 lichteren

200 3148 291 3201 Dinte.
306 3148 358 3201 Die
376 3147 496 3213 letatere,
515 3149 615 3203 welche
634 3149 718 3203 ausser
731 3147 779 3202 der
798 3149 871 3203 Seite
890 3149 920 3200 2³
944 3149 1012 3201 auch
1023 3149 1072 3202 den
1093 3147 1177 3202 lalsclr
1193 3148 1394 3217 eingehefteteu

202 3239 341 3305 quaternio
369 3237 427 3294 Fol.
456 3237 558 3290 18-25
586 3255 639 3291 neu
668 3237 842 3306 geschrieben
870 3236 927 3301 hat,
955 3237 1029 3306 zcigt
1056 3254 1124 3290 zwar
1151 3239 1211 3291 eine
1241 3235 1397 3289 zierlicherc

202 3325 302 3380 Schrilt
320 3329 359 3382 als
378 3346 404 3382 m
416 3335 438 3392 1,
454 3327 518 3380 aber
536 3326 625 3380 dieser
642 3326 787 3395 meglichst
806 3329 866 3379 tre-u
881 3325 1076 3395 nachgeahmte
1105 3327 1175 3394 Zfige
1194 3324 1250 3378 und
1270 3324 1392 3377 Zeicheu.

201 3415 236 3469 lla
255 3417 394 3485 corrigiert
412 3416 464 3469 den
485 3415 553 3468 Text
570 3413 657 3470 nebeu
676 3415 729 3468 rn2
757 3413 826 3468 auch
844 3418 894 3468 ml
915 3413 971 3468 und
991 3412 1114 3468 iiberdies
1133 3415 1193 3468 eine
1212 3430 1264 3466 ron
1283 3414 1335 3466 mir
1354 3413 1393 3466 als

201 3521 271 3558 man.
282 3505 366 3574 antiq.
385 3505 557 3558 bezeichuete
568 3503 652 3558 altere
666 3503 780 3557 Haud-
793 3505 911 3557 alterals
925 3505 1014 3557 162-
1029 3504 1128 3558 welche
1143 3519 1211 3556 zwar
1220 3503 1256 3555 im
1270 3501 1394 3556 Schreib-

198 3592 276 3646 stoffe
295 3593 392 3648 keinen
418 3597 649 3656 nenneuswerten‚
678 3594 741 3647 aber
759 3594 788 3646 iu
807 3593 855 3646 der
871 3593 950 3646 Foru]
966 3587 1013 3646 der
1028 3593 1140 3646 Zeirhen
1158 3591 1205 3644 hin
1224 3589 1280 3644 und
1295 3590 1393 3643 wieder

200 3680 278 3733 einen
296 3680 404 3734 kleineu
432 3679 609 3733 Untersehicd
636 3679 767 3734 aulweist.
796 3680 871 3733 Doch
891 3680 996 3734 scheint
1015 3697 1043 3732 es
1062 3679 1113 3731 mir
1130 3679 1206 3731 nicht
1225 3678 1390 3748 unmoglich,

200 3767 251 3822 dall
271 3771 322 3821 rnl
342 3769 397 3822 und
415 3785 485 3822 man.
505 3769 588 3838 antiq.
607 3769 723 3824 rielfach
739 3769 1000 3824 zusammenfalleu.“

287 3895 309 3959 ²)
328 3892 404 3946 Beda
421 3893 440 3946 l.
459 3893 512 3948 llll
532 3913 548 3964 p
569 3895 628 3959 366,
648 3895 708 3948 864.
729 3893 770 3947 ed.
790 3893 862 3948 Ster.
880 3911 924 3957 „er
940 3893 1034 3946 kaulte
1054 3893 1120 3946 auch
1139 3891 1229 3946 solche
1244 3893 1270 3945 in
1286 3894 1393 3950 Gallieu

199 3981 248 4035 aul
268 3981 316 4036 der
333 3981 501 4047 Durohreise,
520 3983 685 4037 namentlich
704 3983 731 4036 iu
752 3983 879 4036 Vienne.“
900 3982 984 4037 Ebert
1001 3982 1015 4035 I
1033 3999 1059 4050 p.
1082 3982 1142 4035 601.

287 4104 807 4173 3)(16116666606816616603,Ι
837 4106 877 4169 18,
901 4105 960 4170 679,
991 4105 1050 4159 681.
1075 4106 1179 4175 Regum
1207 4106 1238 4159 fr.
1267 4107 1283 4158 4
1313 4111 1341 4160 et
1365 4109 1391 4174 8,

199 4193 246 4250 lob
265 4193 297 4248 fr.
317 4193 358 4258 11,
379 4193 411 4247 de
429 4193 505 4248 Beda
524 4194 557 4248 sd
576 4195 598 4248 Ε
617 4197 676 4258 286,
697 4193 846 4248 sot-521.

288 4319 307 4383 ⁴)
337 4319 358 4370 u
388 4317 438 4371 129
457 4335 497 4388 sq.
