3167 4975
549 274 737 345 Cypriani
764 275 1054 344 heptateuchoe

435 485 588 548 rumpere.
612 465 644 528 ni
669 465 815 530 deminus
838 467 955 530 laxaret
976 467 1104 531 uincula
1126 468 1270 552 linguaer

436 577 578 654 tempora
600 571 654 651 qui
676 575 794 634 reserat
817 571 929 640 surdis.
955 573 1007 654 qui
1031 572 1151 637 lumina
1174 573 1284 650 caecis,

436 676 662 758 uidentumque
686 677 785 740 aciem
809 677 862 760 qui
885 697 962 760 pura
985 679 1054 742 luce
1079 683 1209 743 serenat.

377 800 411 855 12
438 783 554 860 „Vade
578 782 631 858 ait,
655 785 688 846 et
708 782 802 864 plene
825 783 960 847 confisus
984 784 1047 847 lare
1069 784 1217 864 loquella,

435 888 550 953 nobilis
574 887 697 969 eloquis
720 907 878 971 sensuque
902 889 940 952 ad
963 889 1060 952 uerba
1081 889 1244 953 rotunde*

376 1013 411 1066 13
435 995 490 1061 sed
513 995 589 1058 dum
611 1013 704 1076 saepe
728 994 821 1058 deum
845 995 948 1076 poscit
970 995 1128 1076 aliumque
1152 997 1295 1076 precatur

375 1120 410 1172 14
434 1100 586 1166 substitui
609 1098 763 1181 subdique
786 1099 897 1180 (sibi).
922 1098 1083 1163 connueuit
1104 1100 1135 1163 in
1158 1099 1236 1162 iram

432 1207 589 1288 insignem
612 1205 729 1288 pietate
752 1205 856 1280 deum,
881 1205 934 1286 qui
957 1205 1099 1270 concitus
1123 1204 1210 1268 infit:

441 1312 635 1389 „Germanus
660 1314 709 1376 est
731 1328 804 1375 ecce
827 1315 901 1375 tuus
925 1311 1035 1374 limata
1057 1311 1211 1374 facundus

437 1437 491 1483 era
512 1435 623 1501 gerens
645 1419 801 1497 notusque
824 1415 911 1486 mihi.
935 1417 1046 1480 Leuita
1069 1419 1191 1480 creatus

435 1523 490 1586 ills
512 1521 608 1596 tribu,
632 1524 716 1585 certe
740 1540 835 1604 quem
858 1521 968 1586 dicunt
989 1521 1113 1586 nemine
1136 1521 1300 1586 Aronem.‘

382 1643 416 1698 18
482 1628 575 1693 Ilicet
596 1627 738 1692 abscedit
759 1631 851 1692 uates
875 1645 1044 1708 soceroque
1067 1626 1184 1691 latetur

438 1749 508 1798 sese
530 1751 731 1796 reuersurum
753 1732 926 1814 nauesque
950 1731 1085 1796 inuisere
1109 1732 1192 1797 uelle

433 1838 550 1902 Iudaea
572 1837 611 1901 de
634 1840 727 1921 gente
746 1841 841 1903 setes.
869 1837 920 1901 hic
942 1838 1081 1902 flectitur
1103 1838 1158 1902 ille

434 1949 467 2010 et
489 1945 579 2009 salua
599 1943 716 2026 pietate
737 1944 827 2008 iubet
849 1943 1007 2008 discedere
1030 1945 1158 2008 laetum.

378 2065 413 2119 20
435 2049 490 2113 ille
513 2049 624 2113 alacris
647 2067 755 2113 secum
778 2048 860 2112 natis
884 2053 915 2112 et
938 2049 1071 2131 coniuge
1096 2053 1221 2132 sumpte

436 2154 620 2218 mandatum
642 2153 800 2236 praecepit
822 2153 898 2228 iter3
922 2154 1088 2236 fessusque
1112 2155 1225 2220 ulands

377 2277 413 2330 24
436 2261 511 2325 dum
533 2262 655 2326 resonet
676 2261 771 2326 uires.
796 2260 900 2344 gelida
923 2260 1052 2325 declinis
1076 2261 1107 2324 in
1132 2263 1251 2328 umbra.

434 2365 566 2448 angelus
589 2385 661 2430 ecce
683 2365 772 2428 uenit
795 2364 914 2428 demini
936 2377 1132 2447 mortemque
1154 2366 1300 2430 minetur.

378 2489 412 2542 25
436 2471 575 2555 Sephera
597 2471 652 2537 sed
675 2471 797 2536 silicem
822 2470 929 2554 diqitis
952 2471 1083 2535 rimatur
1105 2474 1228 2536 acrium

434 2576 696 2659 praeputiumqne
721 2578 808 2639 secat
830 2575 929 2639 teneri
950 2594 1021 2639 mcx
1045 2575 1154 2639 sedula
1177 2575 1259 2649 nsti;

436 2700 570 2763 cumque
593 2680 687 2764 pedes
711 2698 814 2744 comm
838 2679 938 2743 sancti
961 2698 994 2745 se
1017 2698 1114 2764 prona
1135 2680 1292 2746 dedisset:

441 2786 598 2863 „Sistatur
620 2786 804 2861 munitate,
829 2786 921 2861 canit,
946 2786 983 2850 de
1006 2787 1136 2851 uulnere
1159 2787 1276 2869 pami.“

258 2902 265 2917 '
377 2908 412 2961 26
436 2892 526 2957 cuius
550 2891 590 2955 ad
613 2891 773 2973 eloquium
797 2892 924 2955 sanctus
947 2889 1094 2955 discessit
1116 2890 1155 2954 ad
1178 2894 1270 2955 astra.

379 3012 414 3065 27
436 2996 561 3078 iamque
584 2994 688 3077 inopis
711 2994 830 3057 heremi
852 2996 943 3058 uates
966 2994 1107 3058 calcabat
1129 2994 1269 3071 herenas,

437 3122 509 3167 curn
533 3101 638 3167 subito
661 3102 792 3184 imperio
816 3100 934 3165 domini
956 3101 1133 3165 mandantis
1156 3103 1279 3167 Aronus

437 3210 595 3273 sacratum
618 3208 655 3271 ad
678 3210 817 3273 montem
840 3208 974 3271 fraterne
998 3207 1133 3272 occurrit
1155 3208 1265 3273 honeri

436 3313 655 3395 coniunctique
678 3313 775 3378 simul
797 3312 970 3397 gaudentes
995 3313 1081 3377 basia
1102 3314 1221 3397 figunt;

236 3422 300 3484 235
377 3434 412 3488 28
434 3418 632 3501 alternusque
654 3418 745 3481 iuuat
766 3418 889 3480 mentes
912 3434 1054 3483 sermone
1078 3417 1204 3500 sequaci

434 3522 570 3604 pandere
594 3539 748 3604 quemque
772 3520 842 3596 sibi,
867 3538 946 3603 quae
970 3520 1034 3584 sint
1055 3520 1197 3585 facienda
1216 3524 1269 3587 uel
1291 3528 1369 3591 acts.

275 3695 327 3749 ⁴208
354 3694 440 3748 sordis
454 3695 481 3747 A
557 3693 609 3747 209
637 3692 830 3761 ridentemque
839 3708 862 3761 p
890 3709 941 3761 que
969 3708 1019 3747 om.
1034 3693 1062 3746 A
1106 3693 1189 3747 eciem
1209 3695 1255 3764 qui
1274 3712 1371 3765 purap

237 3783 293 3835 urie
305 3822 382 3836 .....
392 3797 460 3851 pure
487 3781 628 3844 (tetrardus
641 3798 695 3849 pro
713 3797 727 3833 e
744 3781 840 3833 littera
866 3797 948 3849 quam
970 3782 1052 3851 leqere
1068 3798 1125 3835 nou
1138 3789 1230 3849 posset
1249 3784 1371 3838 arcadum

235 3870 335 3937 pseud,
353 3874 441 3922 cetera
458 3885 528 3937 quac
541 3874 626 3923 essem
639 3869 755 3922 οὺσοιινα
767 3868 858 3935 spatio
872 3884 961 3923 unaco
974 3870 1153 3938 mystificaus't)
1169 3872 1195 3922 A
1249 3872 1301 3925 213
1320 3870 1371 3925 sibi

239 3958 303 4011 redd.
321 3971 353 4024 ρ,
381 3973 432 4011 om.
450 3956 477 4008 A
531 3956 625 4010 ducem
653 3956 717 4010 add.
737 3974 754 4008 π
832 3956 883 4010 215
912 3956 996 4011 dacer.
1024 3958 1095 4009 ><A
1176 3958 1227 4011 218
1256 3958 1326 4013 uatis
1344 3959 1371 4012 A

237 4069 290 4124 220
309 4070 376 4124 sutis
389 4070 417 4123 A
435 4086 502 4125 corr.
512 4086 535 4139 p
589 4070 640 4123 223
660 4070 731 4123 lesen
745 4071 784 4122 A¹
803 4035 928 4124 lessu⁸A²
981 4070 1032 4123 226
1051 4070 1138 4123 sefore
1152 4071 1179 4124 A
1233 4072 1284 4125 227
1299 4076 1372 4127 secet

237 4175 288 4213 oris.
302 4158 340 4211 A¹
358 4174 393 4213 ss.
406 4158 447 4213 A²
499 4158 549 4212 231
569 4158 662 4228 inopes
681 4158 785 4227 Meyer
822 4157 929 4212 nstisA
965 4173 1058 4212 arenas
1072 4159 1098 4211 A
