3167 4975
683 358 925 428 Prolegomena

343 530 637 611 Constantiano,
660 531 750 595 adem
773 535 828 594 cui
849 532 961 618 pratia
984 531 1084 617 dipna
1105 531 1250 608 merenti,

343 634 409 708 Qui
431 634 519 698 eolus
543 657 654 722 repam
668 636 766 698 'sacri
788 634 853 698 cibi
874 636 1015 698 nominis
1039 636 1148 698 berrat

339 739 459 825 luponi
477 739 619 824 pondus,
643 761 704 825 qao
727 740 826 802 iuratio
850 739 982 826 dipnior
1004 740 1087 802 actio

339 843 511 908 Aeternam
532 845 644 930 capiat
667 843 786 906 diuina
810 845 846 906 io
868 842 1001 908 saecula
1023 844 1165 927 citano

237 988 304 1048 tum
335 1002 371 1047 ex
394 984 613 1067 Hieronymi
640 985 835 1066 testimonio,
868 987 921 1066 qui
950 987 981 1048 in
1005 984 1156 1050 Chronico
1187 983 1225 1047 ad
1255 1001 1372 1046 annum

237 1137 360 1224 Olymp.
372 1137 446 1220 278,
460 1139 574 1205 Christi
591 1078 657 1264 ἓΞ-(ῗ
675 1142 805 1206 adnotat
820 1140 872 1224 (cf.
885 1140 924 1204 A.
935 1139 1085 1221 Schoene,
1101 1139 1217 1204 Eusebi
1230 1137 1371 1204 Chronic.

237 1295 312 1361 (lan.
330 1315 409 1378 quae
433 1301 611 1379 supersunt,
635 1297 668 1360 Π
689 1317 719 1380 p.
739 1295 829 1381 192);

284 1436 439 1500 lunencus
463 1435 634 1518 presbyter,
657 1436 782 1500 natione
806 1436 977 1519 Hispanus,
1000 1434 1173 1518 Euangelia
1194 1433 1323 1498 heroicis

856 1539 999 1603 uersibus
1022 1538 1163 1620 explicat.

237 1677 285 1741 De
313 1678 379 1741 eius
406 1678 473 1741 uita
499 1677 576 1741 nihil
604 1677 687 1741 aliud
715 1681 838 1742 constat
865 1678 927 1741 nisi
953 1695 1032 1759 quae
1058 1676 1142 1740 idem
1164 1677 1374 1758 Hieronymus

237 1781 342 1860 tradit,
366 1782 403 1844 de
426 1781 502 1844 uiris
525 1781 700 1845 illustribus
723 1799 748 1845 c.
766 1781 928 1844 LXXXIV
950 1780 1011 1862 (ed.
1028 1779 1198 1864 Herding):

281 1885 446 1964 luuencus‚
478 1884 666 1949 nobilissimi
688 1885 813 1968 generis
835 1885 1006 1967 Hispanus,
1033 1884 1206 1966 presbyter,
1228 1885 1375 1964 quattuor

238 1989 400 2071 euangelia
429 1989 616 2052 hexametris
646 1988 789 2053 uersibus
821 2007 920 2071 paene
951 1988 990 2052 ad
1020 1987 1153 2052 uerbum
1183 1985 1375 2050 transferens

238 2096 384 2174 quattuor
406 2092 502 2156 hbros
525 2093 708 2175 composuit,
739 2097 771 2157 et
793 2092 980 2177 nonnulla²)
1011 2093 1120 2157 eodem
1143 2094 1242 2156 metro
1265 2090 1304 2154 ad
1325 2107 1375 2154 sa-

238 2199 468 2272 cramentorum
485 2195 623 2259 ordinem
640 2196 838 2279 pertinentia.
867 2195 987 2260 Floruit
1003 2195 1060 2260 suh
1075 2194 1280 2260 Constantino
1291 2193 1376 2276 prin-

238 2300 314 2383 cipe.
326 2299 351 2384 ³)
811 2347 815 2358 .

280 2403 584 2469 P1aetereaquenoi
597 2405 785 2469 mentionem
798 2404 873 2468 facit
882 2406 964 2468 idem
978 2405 1010 2468 in
1023 2403 1112 2486 epist.
1123 2403 1162 2467 ad
1170 2402 1323 2486 Magnum
1333 2399 1375 2463 70

236 2512 256 2590 ξ
271 2508 302 2590 5,
318 2511 344 2591 Ι,
360 2530 389 2593 p.
407 2507 469 2572 428
487 2510 547 2593 (ed.
565 2510 714 2593 Vallarsi)
739 2510 904 2590 ,quencus
920 2510 1082 2592 presbyter
1096 2508 1155 2572 sub
1172 2506 1375 2573 Constantino

283 2699 301 2767 ¹)
324 2697 365 2753 (li.
387 2698 469 2751 finem
492 2697 625 2763 carminis,
653 2698 696 2751 cui
719 2697 875 2752 inscribitur
896 2698 1010 2763 ,Laudes
1031 2696 1149 2752 Domini‘
1172 2694 1375 2764 u.143s.(ed.

238 2784 375 2853 Brandss).

280 2871 301 2940 ²)
319 2870 359 2924 De
376 2870 426 2924 hoc
444 2886 521 2940 opere
540 2870 562 2924 si
580 2887 644 2925 uera
661 2874 754 2925 narrat
765 2852 944 2940 Hieronymus
962 2870 1045 2940 (quod
1062 2868 1185 2939 equidem
1202 2868 1376 2938 negauerim),

237 2956 305 3010 nihil
323 2956 357 3010 ad
375 2972 423 3010 nos
440 2956 570 3025 peruenit.

281 3045 302 3112 ³)
328 3044 366 3097 Ex
388 3044 438 3097 hoo
460 3041 533 3097 fonte
556 3042 632 3097 fluxit
656 3043 786 3111 quidquid
809 3044 841 3097 de
863 3044 975 3098 quenci
997 3044 1055 3097 uita
1076 3046 1104 3097 et
1129 3043 1159 3096 in
1179 3041 1255 3096 libris
1283 3058 1377 3095 mouu-

237 3130 344 3199 scriptis
361 3130 496 3198 integrum
515 3130 558 3183 uel
580 3132 687 3183 auctum
709 3131 809 3198 legitur
831 3134 858 3184 et
879 3130 913 3185 oh
935 3130 1087 3184 auctoribus
1110 3128 1226 3183 haditur
1243 3128 1289 3197 (cf.
1307 3126 1379 3181 iufra

237 3234 263 3286 p.
276 3216 364 3270 XXIV
377 3217 416 3286 s).
457 3215 617 3271 conferendi
636 3220 699 3271 sunt
716 3221 865 3287 praeterea:

281 3302 459 3371 Gregorius
483 3303 589 3368 Turon,
607 3304 670 3357 hist.
689 3302 781 3359 Franc.
800 3304 815 3358 I
833 3320 854 3359 c.
871 3307 906 3360 36
923 3304 959 3372 (p.
979 3307 1011 3359 51
1036 3304 1076 3357 ed.
1093 3303 1183 3359 Arndt
1204 3306 1232 3357 et
1249 3300 1378 3370 Knrschiz

237 3390 262 3445 A
280 3390 419 3444 uieessimo
437 3390 523 3459 primo
543 3390 613 3443 enim
632 3392 687 3444 eius
706 3392 811 3460 imperii
829 3407 898 3445 anno
916 3390 1088 3444 Hieronimus
1109 3389 1255 3459 praesbiter
1273 3388 1379 3443 addidit

238 3476 359 3531 indicans
377 3476 524 3530 quencum
542 3476 736 3546 praestiturum
754 3477 893 3547 euangelia
915 3477 1036 3531 uersibus
1059 3476 1245 3531 conscribsisse
1268 3486 1379 3545 rogante

238 3563 390 3635 supradicto
408 3564 567 3632 imperatore
585 3564 653 3630 (scil.
671 3563 869 3631 communico).

280 3650 440 3706 Alcuinus
459 3650 502 3719 (cf.
516 3650 598 3719 Mign.
612 3653 631 3703 t.
647 3652 703 3715 101,
716 3668 741 3719 p.
756 3650 1017 3717 namurcensem
1030 3650 1066 3713 11,
1080 3653 1108 3705 6:
1127 3650 1165 3704 At
1175 3650 1199 3704 si
1210 3648 1305 3703 mundi
1318 3648 1379 3701 doc-

237 3738 341 3792 toribus
368 3738 461 3791 ceteris
484 3736 559 3790 nohis
581 3753 634 3790 non
656 3736 723 3791 libet
745 3738 859 3801 credere,
886 3738 983 3791 uestris
1005 3736 1100 3791 saltem
1128 3736 1288 3789 doctissimis
1314 3733 1380 3787 uiris

239 3824 346 3879 credits.
378 3824 481 3879 Cecinit
498 3824 630 3878 queneus
652 3825 791 3893 presbyter
809 3835 836 3877 et
854 3824 1023 3878 doctissimus
1041 3824 1186 3892 Hispaniae
1206 3821 1379 3877 scholasticus

239 3912 266 3965 in
285 3912 400 3965 carmine
419 3911 571 3980 coangelico
589 3911 639 3963 hoo
658 3911 737 3964 modo
755 3910 779 3979 (Ι
798 3915 855 3980 bill:

273 4034 350 4089 Nom
367 4040 415 4088 tua
432 4035 585 4103 cmcipient
602 4034 709 4089 caelesti
726 4036 833 4089 mbeero
849 4036 928 4089 icum

274 4120 389 4189 Natum,
407 4138 483 4189 qaum
500 4137 612 4189 reparare
632 4120 706 4176 Deus
720 4138 771 4190 per
787 4122 900 4190 anomala
917 4119 977 4189 [Η
991 4137 1043 4189 per
1059 4118 1183 4188 sacculo]
1200 4125 1303 4174 amoto

275 4208 314 4261 m
329 4209 472 4275 proprium
490 4208 563 4263 medi
580 4209 694 4263 sobolem
712 4209 862 4278 poenalesque
878 4209 1001 4276 iubetque

276 4296 359 4348 Hunc
376 4292 471 4364 [baio]
489 4296 537 4349 ubi
555 4296 604 4349 sub
623 4296 707 4350 lucem
726 4295 839 4364 dedam,
856 4297 893 4349 rit
910 4295 1019 4349 nominc
1036 4292 1163 4363 [mmet]
1175 4294 1253 4349 Jeoros
1264 4290 1380 4362 [IesseeJ.
