3167 4975
633 402 880 457 Prooemium.
1314 389 1362 453 ΠΙ

291 579 434 645 collecta
444 598 523 661 quae
535 574 665 644 collexit
670 580 826 646 Wicbodo
839 600 875 645 ex
886 581 1049 664 opusculis
1067 580 1174 647 Sancti
1187 582 1361 667 Augustini

243 686 409 751 Ambrosii
431 686 614 769 Hieronymi
640 690 672 751 et
695 690 871 752 ceteromm
894 691 1020 771 patrum
1043 689 1075 753 in
1098 689 1237 771 quinquo
1259 689 1359 756 libros

245 794 354 877 Moysi
377 792 408 856 in
434 812 497 858 uno
522 794 639 859 codice.

145 900 280 981 plenior
304 902 354 965 est
376 900 492 965 titulus
517 920 611 982 quem
630 900 806 966 Martenius
830 920 866 965 su
885 902 992 967 codice
1011 902 1190 967 Treuirsnsi
1214 903 1320 968 dedit:
1336 903 1359 987 ¹)

289 1006 385 1071 Liber
403 1006 604 1088 questionum
620 1027 714 1090 super
728 1007 845 1071 librum
861 1006 995 1073 Genesis
1015 1028 1051 1073 ex
1066 1008 1160 1074 dictis
1176 1012 1357 1075 sanctorum

243 1116 373 1196 patrum
396 1113 569 1195 Augustini
593 1112 736 1198 Gregorii
760 1114 938 1178 Hieronimi
960 1114 1120 1179 Ambrosii
1138 1115 1252 1180 Hilarii
1271 1116 1357 1182 Hisi-

244 1218 316 1284 dori
340 1218 487 1283 Eucherii
512 1220 544 1283 et
567 1219 683 1283 Iunilii.

243 1326 319 1390 Mor
353 1325 422 1390 siue
454 1326 521 1408 ipss
556 1328 666 1392 auctor
697 1328 920 1410 quaestionum
951 1328 1003 1391 uel
1037 1328 1253 1402 collectorum,
1288 1326 1357 1394 siue

146 1433 238 1498 alius
276 1434 383 1497 nescio
416 1433 497 1515 quis,
523 1453 584 1516 quo
619 1434 665 1499 eis
698 1434 937 1517 quaestionibus
971 1435 1134 1519 egregium
1163 1435 1357 1518 praesidium

146 1544 250 1622 atque
291 1541 509 1605 ornamentum
546 1544 678 1623 pararet.
716 1541 881 1625 praemisit
919 1542 1054 1625 siugulis
1090 1541 1180 1606 libris
1218 1542 1356 1607 carmina

145 1646 272 1709 Hilarii
303 1646 424 1710 Probae
457 1646 574 1711 Alcimi
606 1646 767 1711 Dracontii
797 1647 944 1731 Cypriani
971 1650 1146 1713 cete'romm
1179 1648 1219 1713 ad
1250 1649 1358 1731 hepta-

148 1753 309 1818 teuchum
334 1752 530 1835 pertinentia,
544 1752 569 1838 2)
599 1754 709 1819 recisis
738 1774 818 1836 quse
846 1754 949 1819 aliena
972 1752 1108 1839 erant⁸).
1133 1773 1212 1837 quae
1245 1755 1358 1820 sinon

122 1926 124 1931 ,
148 1858 272 1931 omnia,
289 1862 322 1922 at
338 1859 529 1942 pleraquein
544 1879 607 1923 uno
625 1860 916 1927 ccdiceNazariono
941 1860 1109 1926 coniuncta
1127 1861 1312 1926 inuenisset.
1329 1860 1357 1946 ⁴)

248 1967 324 2030 talis
353 1965 413 2029 fuit
445 1966 541 2031 codex
574 1986 666 2048 quem
700 1968 928 2033 monasterinm
965 1966 1196 2032 Gentulense
1234 1986 1261 2031 a.
1292 1968 1353 2031 831

147 2073 320 2157 possidere
357 2073 521 2139 Hariulius
560 2074 605 2137 ait
641 2075 671 2137 in
711 2073 819 2139 Gestis
857 2074 1009 2138 ecclesiae
1047 2074 1248 2139 centulensis
1286 2074 1355 2138 siue

148 2180 181 2246 S.
207 2181 354 2245 Richarii
369 2180 428 2264 (ed.
454 2181 618 2264 D'achery,
643 2181 791 2265 Spicileg.
816 2183 840 2249 t.
865 2181 927 2244 llll
951 2202 981 2262 p.
1006 2182 1082 2256 419,
1107 2180 1155 2245 cd.
1180 2199 1252 2245 nou.
1278 2183 1301 2244 t.
1325 2181 1357 2245 Il

147 2306 178 2369 p.
208 2288 288 2353 310.
316 2287 353 2352 G.
378 2288 500 2352 Becker
523 2287 668 2371 Gatalogi
690 2309 720 2372 p.
747 2290 788 2351 26
813 2308 843 2352 n.
869 2287 944 2371 81);

293 2394 407 2458 Hilarii
431 2398 536 2459 autern
551 2394 588 2458 de
604 2394 664 2459 fide
681 2400 807 2460 sanctae
826 2394 999 2458 Trinitatis.
1016 2393 1216 2475 quaestiones
1231 2394 1354 2463 Hilarii.

199 2579 218 2644 ¹)
243 2577 277 2630 de
297 2577 490 2632 recentioribus
509 2577 644 2632 codicibus
664 2577 723 2632 uid}
739 2579 905 2648 prooemium
924 2578 1043 2631 Auitian.
1072 2595 1098 2647 p.
1118 2577 1166 2630 LV
1186 2582 1213 2630 et
1231 2576 1305 2634 LVII
1326 2595 1353 2631 n.

238 2667 288 2738 773
313 2681 344 2720 ex
370 2667 537 2720 ‘l'reuirensis
556 2667 694 2720 Maximini
710 2667 800 2720 codice
815 2667 905 2736 priora
914 2667 1019 2736 aliquot
1038 2667 1127 2735 capit-a
1146 2664 1231 2719 edidit
1254 2667 1353 2718 Marte·

247 2754 310 2807 nius
329 2755 495 2808 collectionis
515 2773 579 2809 susc
598 2760 672 2809 tomo
693 2755 754 2808 VlIl
773 2773 799 2824 p.
815 2755 970 2818 usu-us&
985 2755 1186 2824 inscriptionem
1202 2771 1260 2806 cum
1275 2752 1354 2806 laude

248 2842 338 2897 Caroli
357 2845 428 2914 regis
449 2850 477 2898 et
487 2845 657 2898 adlocutione
668 2845 701 2898 ed
711 2845 811 2898 librum
826 2859 856 2898 ex
870 2845 1002 2898 Mortenio
1016 2844 1146 2914 repetiuit
1155 2843 1185 2896 ll.
1196 2843 1353 2896 Duemmler

246 2931 314 2986 PLC
334 2935 390 3003 lp.
411 2935 526 2987 stt-97.

197 3026 220 3091 n)
243 3037 307 3073 nam
328 3037 385 3074 cum
404 3021 484 3075 Marii
505 3021 619 3075 Victoris
640 3039 744 3074 cannen
765 3027 822 3074 tum
852 3021 956 3074 Sedulii
970 3022 1042 3090 prior
1068 3038 1130 3090 pars
1151 3022 1172 3086 ll
1191 3022 1307 3089 1-274)
1327 3026 1355 3075 et

246 3111 361 3163 Amneni
389 3109 555 3164 enchiridion
584 3126 690 3179 prorsus
719 3111 808 3163 aliena
836 3113 913 3162 erant
931 3127 947 3162 a
964 3112 1102 3179 proposito
1131 3110 1247 3163 auctoris
1272 3127 1353 3179 quac-

249 3200 382 3259 stionum;
400 3199 522 3269 Helpidii
541 3200 664 3253 tristiclra
679 3199 773 3252 dubito
790 3217 821 3252 an
838 3216 891 3252 nou
906 3199 1016 3268 cognitu
1025 3198 1151 3252 habuerit
1161 3196 1255 3252 Gallus
1264 3198 1353 3252 homo.

199 3291 221 3355 ³)
243 3289 337 3342 recisis
357 3305 425 3359 quae
444 3290 532 3344 ahena
552 3297 640 3344 crant:
661 3307 723 3342 nem
750 3289 853 3342 Probae
882 3290 1002 3341 centonis
1030 3288 1141 3341 alteram
1160 3291 1265 3356 partem
1285 3305 1353 3356 quae

252 3381 295 3430 est
322 3377 354 3430 de
381 3395 452 3431 nouo
490 3382 653 3432 testamento
692 3380 810 3432 resecuit
847 3382 928 3446 atque
957 3378 1039 3430 etiam
1067 3377 1099 3429 de
1137 3379 1204 3430 lona
1239 3393 1353 3442 cannen,

246 3483 334 3534 neque
352 3467 441 3520 minus
462 3483 492 3520 ex
510 3467 608 3521 Alcimi
627 3467 759 3536 poematis
787 3465 884 3519 libmm
905 3465 938 3518 de
957 3466 1129 3534 uirginitate;
1147 3463 1352 3534 Eugeniiporro

245 3557 426 3626 praelationes
447 3560 474 3608 et
492 3556 660 3610 monosticha
680 3561 707 3608 et
726 3555 937 3609 satisfactionem
961 3553 1109 3608 Dracontii.
1128 3571 1196 3623 quae
1225 3554 1352 3624 pleraque

247 3662 307 3698 eum
327 3645 452 3698 habuisse
472 3646 551 3698 testis
580 3649 621 3698 est
648 3643 799 3714 Wigbodus
826 3645 855 3698 in
883 3645 1005 3697 uersibus
1033 3641 1067 3694 ad
1094 3641 1218 3696 Carolum
1237 3643 1352 3714 scriptis,

244 3750 312 3802 quos
331 3750 429 3804 magua
448 3750 478 3786 ex
496 3737 573 3804 parte
592 3735 732 3786 mutuatur
751 3732 784 3786 ab
804 3733 907 3789 Alcimo
926 3731 1058 3802 Eugenio.

194 3825 216 3890 ⁴)
240 3821 365 3891 equidem
393 3823 544 3892 putauerim
574 3839 714 3876 numerum
752 3824 898 3875 camninum
935 3821 968 3875 ab
1005 3821 1155 3875 Nezarianc
1191 3819 1352 3874 traditorum

242 3929 296 3966 non
317 3913 420 3966 auxisse
438 3912 574 3965 hominem
592 3912 683 3976 istum,
703 3909 751 3964 sed
779 3912 916 3964 minuisse.
945 3927 1008 3964 sane
1027 3909 1125 3962 Hilarii
1144 3906 1261 3961 Genesin
1280 3908 1351 3962 unde

243 3999 388 4053 adsciuerit
416 4003 443 4053 et
472 4017 575 4054 cannen
604 4000 636 4053 de
666 3999 788 4064 Sodoma,
809 4017 863 4052 non
881 4001 977 4068 liquet.
997 4016 1058 4051 narn
1077 3999 1106 4051 in
1125 3998 1243 4068 catalogi
1261 3997 1352 4050 titulis

244 4087 446 4158 nonleguntur;
465 4089 578 4142 Probum
600 4088 664 4158 quin
681 4105 711 4141 ex
730 4088 880 4141 Nazarianc
896 4088 1049 4158 sumpserit.
1069 4089 1113 4140 uir
1132 4091 1174 4140 est
1192 4085 1304 4139 dubium
1324 4090 1351 4139 et

245 4176 379 4230 indicatur
415 4175 584 4232 cluniacensi
619 4177 715 4242 titulc;
752 4195 801 4232 ncc
830 4176 948 4231 defuisse
977 4176 1010 4230 de
1039 4175 1153 4229 Sodoma
1181 4191 1286 4227 carmen
1323 4174 1351 4227 in

243 4265 393 4319 Neroniano
414 4281 472 4318 curn
492 4267 556 4320 lona
576 4267 608 4319 ab
638 4266 696 4337 ipsc
727 4273 809 4337 poeta
837 4266 1007 4319 coniunctum
1037 4281 1066 4318 cr
1096 4263 1232 4318 Sicchardi
1260 4263 1350 4316 uerbis

242 4353 322 4407 facile
341 4355 464 4408 conicias.

1283 4466 1315 4511 aii·
