3167 4975
247 324 351 388 XXIV
740 334 987 386 Prooemium.

248 520 358 581 natum
383 536 453 579 eum
480 514 518 577 ad
542 513 666 596 poetica
690 510 795 575 studio
821 508 1002 585 ostendunt,
1025 512 1132 571 tamen
1156 508 1194 570 ob
1211 526 1273 571 usn
1297 505 1448 569 classico.

248 642 341 705 quem
366 624 444 685 bene
469 622 567 685 norat.
593 619 632 682 ad
665 620 715 682 sui
749 616 902 698 temporis
935 634 1029 678 usum
1063 613 1247 686 declinauIt
1281 613 1336 693 qni
1369 612 1448 692 qnid

247 730 329 792 inter
351 730 462 811 longas
487 730 520 789 et
541 728 654 791 breues
680 725 819 808 syllabas
845 726 930 787 esset
953 720 1144 785 discriminis
1163 739 1275 802 parurn
1295 718 1449 786 curabat:

248 836 332 917 qnod
356 837 463 897 autem
486 834 518 896 in
542 834 653 896 multis
669 831 826 902 uersibus,
847 829 900 911 qui
916 830 1080 893 horrerent
1092 826 1232 890 barbaris
1251 824 1448 890 nominibus,

247 942 417 1005 hexametri
441 941 529 1025 leges
552 958 665 1021 parum
689 956 795 1003 severe
820 936 1012 1010 obseruatum,
1047 933 1247 997 festinantiae
1279 930 1447 995 tribuerim

247 1068 347 1130 neque
373 1048 483 1113 dubito
509 1048 594 1129 quin.
621 1045 647 1109 si
673 1046 701 1108 ci
720 1044 868 1108 licuisset
889 1044 1059 1106 retractare
1091 1042 1228 1103 carmina
1252 1058 1319 1112 sua,
1343 1038 1450 1100 multo

247 1154 420 1217 limatiores
443 1153 492 1216 illi
516 1151 556 1215 ed
580 1170 637 1216 nos
661 1150 835 1214 uenissent.

339 1260 530 1325 Galliam
567 1258 702 1341 patriam
736 1276 806 1320 esse
841 1253 1056 1337 Heptateuchi
1089 1253 1237 1326 auctoriS.¹
1276 1270 1355 1333 quae
1379 1252 1451 1313 erat

247 1368 281 1431 L.
307 1367 454 1431 Muelleri
479 1366 646 1441 sententia,
673 1384 744 1428 cum
769 1365 898 1444 propter
922 1360 1046 1424 codices
1070 1360 1102 1421 in
1126 1377 1162 1422 ee
1184 1360 1267 1421 terra
1299 1356 1448 1438 scriptos

247 1476 315 1537 tum
339 1476 466 1555 propter
498 1490 676 1537 semerom
709 1468 881 1534 tenendum
914 1468 981 1543 erit,
1016 1485 1110 1548 quem
1142 1464 1280 1528 alienum
1313 1482 1449 1545 prorsus

247 1580 285 1643 ab
309 1578 466 1643 Africanis
491 1578 530 1642 ad
554 1579 718 1661 uulgarem
742 1595 837 1639 usum
858 1574 1023 1639 Gallorum
1043 1572 1191 1635 accedere
1209 1569 1242 1635 C.
1266 1570 1387 1633 Becker
1415 1590 1448 1651 p.

249 1688 378 1749 18-26
421 1685 576 1767 probauit.
620 1683 781 1765 quaeritur
823 1700 937 1747 nomen
976 1699 1051 1743 num
1088 1682 1173 1742 recte
1215 1678 1366 1740 traditum
1403 1677 1450 1739 sit

247 1795 341 1874 atque
366 1810 427 1873 qna
450 1791 505 1854 ille
530 1790 692 1872 scripserit
716 1791 828 1853 aetate.

339 1896 584 1979 Cyprianus
609 1899 716 1959 autem
739 1914 854 1959 nomon
879 1893 963 1976 quod
986 1893 1060 1957 libri
1082 1893 1241 1975 praebent,
1266 1911 1327 1956 non
1351 1890 1449 1955 uideo

248 2022 303 2067 cur
316 2004 348 2067 in
365 2002 594 2066 dubitationem
610 2004 760 2067 uocetur:
782 2021 855 2064 nam
879 2000 911 2064 id
931 2004 969 2064 ut
993 2000 1063 2064 aliis
1082 2000 1277 2083 ingentibus
1298 1998 1345 2062 sic
1361 1998 1449 2080 apud

249 2110 359 2177 Gallos
384 2110 451 2171 eret
474 2107 619 2188 frequens
637 2130 644 2181 ;
661 2106 751 2170 cuius
780 2106 825 2169 rei
854 2106 1032 2188 exemplum
1056 2106 1092 2167 ut
1125 2104 1277 2179 afferrem,
1310 2104 1340 2167 in
1373 2124 1448 2185 pro·

249 2216 352 2281 oemio
375 2213 522 2278 Auitiano
547 2233 577 2294 p.
603 2212 705 2275 LXIII
730 2212 877 2295 Cypriani
893 2211 1080 2276 Tolonensis
1097 2210 1237 2293 episcopi
1250 2209 1448 2275 mentionem

248 2322 310 2387 feci
333 2340 468 2401 eumque
493 2320 588 2383 etiam
613 2338 683 2383 osse
702 2339 798 2401 posse
823 2320 1069 2402 Cyprianeorum
1094 2336 1174 2399 quae
1206 2316 1350 2380 feruntur
1381 2335 1450 2380 car-

248 2449 368 2494 minum
407 2430 568 2492 auctorem
607 2426 678 2491 diri.
703 2428 767 2515 ¹boc
801 2431 906 2492 tamen
939 2428 1059 2492 multae
1093 2429 1168 2490 sunt
1205 2442 1318 2487 causae
1366 2442 1450 2504 quae

249 2536 472 2610 dissuadeant3
505 2535 612 2616 itaque
651 2555 709 2619 ego
743 2535 863 2600 dudum
898 2555 967 2600 earn
1000 2533 1215 2617 suspicionem
1254 2531 1355 2595 abieci
1387 2549 1448 2594 nec

248 2645 372 2727 praeter
390 2661 502 2706 nomen
527 2642 698 2724 quidquam
723 2643 761 2706 de
785 2646 897 2725 poetae
923 2641 1006 2707 Galli
1030 2659 1164 2724 persona
1187 2640 1266 2703 scire
1290 2658 1340 2701 me
1374 2656 1450 2701 con·
1526 2719 1530 2726 Ι

250 2751 351 2817 fiteor.
391 2768 428 2812 ne
465 2748 544 2812 illud
583 2749 720 2830 quidem.
759 2754 866 2813 utrum
904 2749 1000 2812 fuerit
1038 2748 1171 2812 clericus
1209 2766 1248 2810 an
1284 2745 1447 2828 profanus.

247 2857 405 2922 rhetorem
429 2855 528 2920 fuisse
552 2858 646 2937 atque
670 2855 747 2920 iuris
770 2857 918 2938 pentum.
944 2854 1028 2937 quod
1049 2855 1122 2918 uult
1145 2854 1266 2918 Becker
1293 2875 1322 2935 p.
1358 2851 1449 2931 aab

250 2983 285 3028 er
320 2982 462 3027 sannone
501 2962 665 3025 diiudicari
683 2981 778 3045 posse
803 2962 994 3045 negauerim,
1027 2961 1212 3043 praesertim
1246 2979 1318 3023 curn
1342 2959 1452 3022 abeis

249 3070 608 3153 disciplinisneclericos
620 3069 745 3151 quidem
758 3073 1052 3151 eornmfemporum
1062 3068 1182 3131 alienos
1190 3065 1449 3131 brissesciamus.

338 3177 409 3241 Non
433 3176 634 3241 mediocrIter
656 3180 761 3240 tamen
789 3176 907 3240 litteris
930 3175 1038 3239 latinis
1067 3174 1251 3238 institutum
1280 3191 1354 3236 eum
1375 3191 1450 3254 pro·

249 3283 329 3346 dunt
353 3281 509 3345 innumeri
532 3281 604 3348 loci.
630 3281 746 3362 quibus
778 3281 956 3364 principum
988 3283 1153 3364 poetamm
1186 3298 1204 3342 a
1235 3277 1383 3342 Lucretio
1408 3280 1451 3342 ad

250 3408 340 3453 suam
364 3405 460 3469 prope
486 3388 622 3449 aetatem
646 3405 759 3451 uersus
773 3386 928 3453 imItatur.
953 3386 1199 3470 Vergilium
1220 3404 1294 3468 prae
1313 3384 1451 3457 ceteris;

249 3495 304 3560 sod
327 3493 698 3558 etlloratinmcum
721 3491 1449 3572 Ouidio,Persiumetluuenalem

247 3602 463 3665 Lucanum
488 3619 613 3681 quoque
636 3600 668 3664 ni
692 3599 785 3664 fallor
809 3620 882 3664 cum
907 3599 1052 3664 Statio
1078 3603 1110 3663 et
1127 3598 1240 3665 Silio
1265 3603 1296 3664 in
1322 3601 1450 3667 deliciis

248 3707 369 3770 babuit.
403 3705 518 3786 quibus
553 3725 586 3769 er
625 3705 826 3789 pedestribus
859 3707 1042 3771 auctoribus
1076 3706 1274 3779 Sallustium,
1308 3708 1448 3777 Liuium.

337 3932 357 3999 ¹)
382 3933 409 3984 ln
429 3936 486 3986 orte
506 3933 687 4002 geographico
706 3934 773 3986 satis
792 3933 886 3986 rudem
905 3934 987 3987 fnisse
1007 3939 1114 4003 poetam
1134 3933 1237 3987 Becker
1255 3952 1280 4003 p.
1301 3935 1335 3987 45
1354 3937 1449 3989 corrie-

249 4020 286 4079 rit
303 4020 365 4074 inde
387 4021 457 4089 quod
476 4021 617 4076 Iordanem
637 4023 666 4076 in
685 4039 813 4076 oceanum
832 4023 914 4076 fluere
942 4025 1034 4076 narrat
1050 4022 1091 4075 IN
1111 4021 1170 4087 103,
1189 4023 1214 4076 D
1233 4025 1250 4077 5
1278 4041 1336 4077 eom
1356 4027 1448 4078 autem

248 4111 431 4180 insipientiam
451 4111 538 4180 magis
557 4111 663 4165 saeculo
684 4129 764 4181 quam
784 4115 881 4181 poetae
901 4112 1045 4182 opprobrio
1066 4128 1123 4164 esse
1148 4111 1214 4165 dicit
1233 4113 1293 4165 coll.
1313 4113 1353 4166 eis
1376 4131 1449 4182 quac

249 4198 423 4253 Schenkelius
451 4199 484 4253 de
503 4201 540 4254 M.
558 4200 666 4254 Victore
686 4219 712 4270 p.
732 4201 784 4254 aba
803 4202 858 4265 eit;
879 4201 926 4254 sed
955 4199 1022 4254 illud
1051 4217 1152 4254 sacram
1181 4201 1309 4271 peginam
1338 4206 1449 4256 secutus

247 4291 345 4352 namot,
366 4305 444 4356 quami
465 4289 616 4358 relinquere
634 4307 688 4343 non
708 4307 774 4359 opus
795 4294 860 4344 erat.
