3167 4975
658 391 901 461 Prolegcmenn.
1260 390 1351 444 XLIII

207 573 322 653 pertcr,
352 568 436 633 finde
464 569 591 632 quenc.
642 567 781 651 repedat,
813 567 953 630 widricat
980 567 1107 630 Inuenc.
1145 571 1263 647 rutum,
1294 585 1352 630 un-

209 674 331 738 fruataz
365 673 397 737 in
432 673 559 736 quena.
614 671 750 751 uicibuS,
785 671 908 735 hertam
943 671 1070 735 quena.
1123 672 1244 755 uertigc
1277 670 1351 754 poli,

209 777 379 842 snumtilcd
402 777 533 841 himeles
549 776 688 840 quenc‘
723 776 853 840 Praeter
872 774 1047 839 Inuencum
1070 775 1194 838 nullum
1217 774 1351 839 auctoris

209 901 323 964 nemen
349 881 472 966 legitur.
520 879 650 946 Glossae
681 898 760 962 qnae
785 879 825 944 ad
846 879 1021 944 Inuencum
1044 880 1203 962 pertinent
1225 879 1351 944 nomine

208 987 260 1051 nel
290 986 395 1052 addito
426 985 477 1048 nel
507 985 623 1049 emisso
652 985 821 1048 maximam
843 987 967 1066 partem
990 983 1190 1048 continentur
1213 983 1245 1046 in
1267 984 1352 1067 gles-

208 1091 299 1172 saric,
328 1090 409 1172 qued
432 1087 627 1173 Steinmeyer
651 1093 683 1153 et
705 1087 827 1155 Sieners
850 1090 871 1152 l.
893 1107 918 1152 c.
941 1107 957 1151 e
980 1088 1084 1152 codice
1106 1087 1196 1152 Innic
1220 1085 1262 1150 25
1285 1088 1351 1152 edi·

210 1194 366 1278 derunt.¹)

251 1299 310 1364 His
335 1298 483 1380 expositis
506 1301 604 1362 restat
626 1301 662 1362 ut
684 1298 758 1362 uiris
782 1298 879 1362 doctis
903 1298 957 1380 qni
980 1316 1031 1361 me
1055 1301 1086 1361 et
1108 1297 1235 1361 consilio
1264 1301 1296 1361 et
1317 1316 1351 1360 rc
1378 1289 1382 1300 '

210 1403 398 1467 adiuuernnt
419 1403 537 1486 gratias
562 1420 654 1486 egem
677 1400 819 1485 publicas
842 1400 1031 1466 Guilelmc
1055 1401 1096 1465 de
1112 1400 1261 1481 Hartel,
1283 1418 1351 1464 ma-

208 1508 305 1592 gistro
326 1507 537 1588 dilectissime,
558 1507 602 1571 M.
619 1506 863 1589 Petschenig,
886 1505 911 1568 Ι.
929 1504 1095 1590 Gelling,
1116 1506 1160 1569 M.
1178 1506 1350 1585 Manitic,

208 1613 347 1676 lacerum
370 1611 572 1675 classicorum
594 1610 811 1694 inuestigatcri
833 1611 1112 1693 praestantissime.

255 1837 274 1904 ¹)
294 1835 402 1891 Glossae
422 1849 438 1888 a
455 1835 606 1889 Boxhornio
625 1834 712 1890 editae
730 1833 758 1888 in
777 1834 877 1888 librum
895 1834 1036 1888 laudatum
1054 1833 1220 1904 recipiendae
1238 1838 1322 1888 amnt.

254 2113 370 2198 Scripsi
392 2115 596 2181 vindobonae
620 2117 727 2181 Idibus
750 2116 840 2182 hiliis
863 2136 891 2181 a.
910 2114 1003 2180 1890.

929 2502 1109 2594 Iohannes
1136 2514 1298 2595 Hucmcr.
