3167 4975
712 358 914 412 Victorini

369 557 427 622 hac
451 561 534 621 certe
557 556 679 621 ratione
702 575 810 620 meum
834 555 950 620 sanabo
975 537 1125 619 dolorem.

413 662 553 729 Sustulit
575 661 630 724 illa
654 680 778 734 manus,
801 661 987 742 caelumque
1010 658 1146 742 inspexit
1167 656 1199 720 in
1224 656 1324 720 ultum

368 770 475 834 emisit
497 768 648 854 gemitus,
672 771 705 832 et
725 768 803 832 talia
825 768 921 832 uerba
943 767 1076 850 loquuta
1100 767 1166 830 est:

369 881 405 942 tu
428 877 506 942 licet
529 880 562 941 et
582 893 677 960 gazas
699 875 816 952 tradas,
841 878 873 940 et
896 892 991 958 regua
1013 877 1154 958 tyranne,

281 1025 288 1046 .
369 1002 430 1048 nen
454 982 597 1066 capimur
618 1001 730 1066 regum
754 981 854 1058 denis,
878 1000 936 1045 nec
960 998 1090 1044 munera
1113 978 1231 1044 sauciis

369 1091 503 1173 eripient
525 1089 680 1172 promissa
704 1089 773 1153 dei:
797 1107 870 1172 spes
895 1087 1009 1153 certior
1032 1087 1088 1151 illa
1111 1090 1168 1162 est,

371 1215 451 1280 quae
475 1198 576 1261 uitam
600 1196 690 1261 nubis
711 1195 872 1280 promittit
894 1199 1036 1278 tempure
1058 1196 1172 1278 longo:

369 1304 449 1368 hauc
474 1321 598 1384 sequor,
622 1301 703 1366 hanc
727 1301 841 1366 didici:
865 1320 928 1366 uun
950 1301 1072 1366 lubrica
1095 1302 1223 1383 tangere
1247 1315 1351 1381 regua.

371 1427 495 1474 sumere
520 1407 651 1471 diuitias
674 1407 766 1471 facile
790 1409 849 1482 est,
874 1409 907 1470 et
928 1405 1057 1488 perdere
1080 1405 1190 1469 uitam.

371 1515 428 1580 scd
450 1515 528 1579 licet
552 1517 584 1579 et
606 1514 749 1579 flammas
771 1517 846 1596 pust
869 1513 1000 1578 uerbera
1023 1531 1117 1578 saeua
1141 1512 1279 1588 mineris,

370 1623 415 1688 nil
438 1626 561 1686 mutare
584 1625 694 1704 putes:
719 1620 829 1704 primis
853 1621 1033 1702 accepimus
1057 1618 1146 1684 anuis

371 1727 524 1793 uirtutem
549 1747 622 1793 cum
645 1729 717 1812 lege
741 1727 865 1792 datam:
889 1727 967 1791 mihi
990 1727 1131 1810 linquere
1155 1728 1275 1790 certum
1300 1727 1350 1788 est

371 1834 522 1917 quicquid
546 1853 641 1899 saeue
664 1834 765 1899 iubes.
790 1834 873 1898 natis
897 1833 981 1916 quod
1005 1853 1086 1898 nuuc
1110 1830 1290 1909 dominaris,

369 1939 431 2005 huc
454 1942 559 2007 solum
582 1941 712 2023 poteris,
737 1943 869 2006 matrem
894 1941 1020 2006 turbare
1043 1940 1165 2005 timore.

281 2087 291 2110 2
370 2049 419 2111 est
441 2047 519 2110 mihi
543 2067 668 2130 nanque
692 2048 770 2112 deus
795 2067 878 2132 spes,
902 2051 951 2113 est
973 2047 1052 2112 mihi
1075 2051 1159 2112 certa
1182 2065 1334 2124 mecmm,

369 2173 425 2235 per
448 2171 542 2236 quem
564 2153 629 2218 iam
653 2173 775 2237 sperem
799 2159 830 2219 te
855 2154 979 2219 nullum
1002 2155 1127 2220 uincere
1150 2174 1253 2238 pesse,

346 2261 490 2326 *coelum
512 2262 596 2333 faus,
621 2260 763 2343 coelique
785 2280 910 2344 parens,
934 2265 965 2326 te
989 2261 1071 2326 iusta
1094 2280 1253 2345 rogamus.

415 2386 466 2431 rer
489 2366 568 2430 imit
589 2365 777 2441 Antiochus,
801 2367 990 2449 turbataque
1013 2367 1105 2432 cerda
1129 2367 1303 2445 tumebant,

370 2472 512 2539 concutit
536 2476 568 2537 et
592 2492 707 2538 saeuos
730 2475 867 2538 testatus
891 2473 1012 2539 lumine
1035 2475 1156 2549 uultus,

259 2582 301 2644 40
370 2580 564 2662 miraturque
590 2578 643 2643 diu
667 2579 770 2663 pessit
792 2579 878 2662 quod
900 2580 1036 2645 foemina
1059 2584 1194 2645 tanturn.

347 2687 469 2767 *miles
493 2686 547 2760 ait,
574 2704 647 2769 pere
670 2686 748 2771 regi,
772 2705 898 2769 quoque
922 2706 995 2769 pare
1019 2688 1157 2763 satelles,

370 2812 429 2859 uos
452 2792 564 2856 famuli
588 2795 694 2876 purete
717 2792 807 2869 mihi,
832 2792 903 2858 date
926 2813 1022 2877 regna
1043 2794 1158 2859 furenti

368 2898 525 2964 foemineo
549 2900 706 2964 tormenta
728 2900 970 2977 malesanum
994 2900 1148 2966 furentem

369 3004 505 3070 foemina
528 3023 579 3069 me
607 3005 703 3089 cogit,
728 3005 812 3088 quud
835 3006 908 3088 plus
933 3010 992 3083 est,
1016 3006 1151 3073 foemina
1175 3008 1276 3073 uincit

284 3153 291 3175 ι
371 3112 456 3195 regis
479 3111 568 3175 iussa
592 3110 652 3175 sui.
678 3111 818 3177 sednon
842 3112 971 3195 impune
995 3100 1102 3178 locuta¹
1126 3118 1184 3179 est.

370 3217 571 3282 membratim
594 3219 721 3299 pereat:
745 3220 869 3300 septem
893 3238 965 3283 narn
990 3220 1108 3303 perfida
1131 3224 1222 3287 natos

370 3326 453 3389 intra
475 3342 570 3408 regna
594 3326 692 3400 tenet,
716 3342 851 3405 quorum
877 3326 929 3407 qui
953 3326 1073 3409 primus
1096 3328 1239 3406 hebetur,

372 3431 423 3495 iiic
447 3430 569 3513 primus
594 3434 719 3513 pereat:
743 3435 873 3513 pereant
896 3432 942 3497 sic
966 3432 1073 3498 urdine
1098 3436 1213 3511 cuncti,

274 3625 308 3677 ⁶23
318 3623 446 3677 emittens
464 3621 555 3674 locuta
597 3622 779 3675 ‘atttministres
817 3620 851 3675 33
862 3622 934 3690 quud
946 3622 1011 3677 dura
1022 3624 1131 3677 minaris
1168 3625 1386 3681 ercomenon.

238 3714 271 3766 41
293 3729 398 3781 quoquc·
432 3710 505 3780 parc}
525 3726 643 3779 pureque
697 3712 733 3764 42
752 3710 817 3763 deta

275 3854 308 3907 22
325 3852 448 3906 sustullit
502 3851 538 3904 23
553 3851 643 3904 emisit
680 3852 771 3904 locutu
826 3851 1085 3921 241icetetletcm.
1141 3855 1322 3924 ‘lire-apiarum
1340 3872 1389 3926 nec

241 3944 275 3997 23
289 3942 421 3997 lubricata
440 3956 538 4011 genere
605 3942 640 3993 29
659 3944 686 3994 et
705 3956 756 3994 uua.
826 3939 860 3993 30
879 3956 959 3993 saeue
1033 3942 1064 3995 31
1086 3942 1155 4013 uilpil
1193 3948 1284 4012 petest
1320 3945 1389 3998 ecci-

239 4032 328 4103 pimus
391 4030 425 4083 32
440 4030 542 4083 uirtute
580 4028 645 4082 data
708 4028 743 4082 33
758 4028 889 4099 quidquid
926 4029 999 4098 quod
1012 4030 1157 4087 domineris
1216 4034 1389 4088 serimorem

241 4120 276 4174 35
289 4136 349 4173 curu
404 4120 438 4171 37
453 4123 481 4172 te
496 4120 547 4172 o'm.
603 4117 638 4171 38
657 4118 709 4170 fait
745 4120 864 4171 testatur
890 4116 1041 4188 tumebant]
1057 4121 1221 4189 tumultun·
1237 4122 1389 4189 ulterram,

241 4224 317 4274 upr.
335 4211 382 4275 m.)
473 4208 507 4259 41
533 4221 596 4276 pare
615 4205 693 4259 miles
712 4205 752 4259 uit
847 4206 881 4259 43
901 4205 1001 4259 seruire
1096 4210 1130 4261 45
1150 4210 1205 4263 suis
1226 4214 1253 4263 et
1289 4212 1389 4281 inpune

240 4296 275 4349 46
295 4299 405 4364 pereunt
459 4296 494 4348 48
514 4300 607 4365 pereat
626 4294 721 4364 perdat
753 4297 862 4347 cunctos
