3167 4975
242 331 307 394 230
541 324 729 395 Cypriani
758 324 801 377 ad
831 327 1050 377 senatorem

241 524 283 584 60
374 541 428 604 pro
452 541 552 604 poena
573 521 682 604 posuit
708 522 818 597 „sedet
841 523 1064 602 aeternumque
1090 519 1213 584 sedebit

374 628 481 692 infelix
503 628 674 694 meseum
702 645 826 710 semper
848 629 941 692 uocet
963 626 1042 690 utile
1064 625 1214 710 longum:

372 734 503 816 prandia
524 735 621 818 longe
643 737 767 810 nocent,
790 733 908 797 ieiunia
931 734 1025 816 longa
1047 732 1191 815 fatigent.

373 840 419 905 sic
441 840 574 906 nimium
598 859 707 924 sapere
731 841 865 905 stultum
890 839 974 903 facit.
1000 877 1044 885 —
1071 839 1232 922 „improbe
1255 843 1352 908 secto.

372 965 423 1010 me
446 946 504 1011 dea
526 947 572 1011 sic
596 947 723 1021 docuit3
752 945 971 1022 ,moderamen
997 945 1150 1010 66166116ὕ
1178 945 1285 1013 dirior
1313 981 1357 994 -

255 1055 281 1087 “·“
377 1052 433 1117 sed
455 1056 491 1117 tu
514 1072 571 1117 ueo
595 1057 715 1117 sectum
737 1053 831 1118 modo
856 1071 912 1116 neo
935 1052 1149 1116 moderamina
1173 1071 1273 1118 curas.

371 1178 461 1224 meus
485 1163 591 1224 autem
614 1159 739 1225 stabilis
762 1159 849 1224 nullo
872 1159 1063 1242 peruertitur
1085 1163 1186 1235 aestu,

371 1265 503 1348 ipsaque
526 1266 714 1349 simplicitas
737 1285 910 1347 numquam
933 1266 1017 1329 mais
1039 1265 1159 1348 cogitat
1181 1266 1256 1330 ulla.

374 1372 445 1436 hinc
469 1372 590 1438 siucero
612 1373 690 1437 fides
714 1375 841 1436 aeterno
864 1371 937 1435 sede
960 1372 1092 1448 fruetur,

373 1481 404 1542 et
427 1478 519 1544 dolus
543 1497 559 1542 e
584 1483 693 1544 contre
714 1479 810 1562 longo
835 1478 1025 1542 crueiubitm·
1047 1477 1122 1562 igni.

374 1586 466 1670 elige,
490 1586 566 1668 quid
588 1587 680 1663 uelis,
706 1590 741 1650 ut
764 1587 859 1670 digne
881 1586 1005 1669 piacula
1028 1586 1121 1649 uites.

371 1691 417 1755 sic
439 1695 544 1757 tamen
568 1693 649 1758 hauc
671 1693 797 1757 ueniam
819 1696 977 1757 mereator
1000 1691 1143 1756 creditor.
1167 1691 1313 1772 inquam:

369 1800 406 1860 ut
427 1798 499 1862 leue
523 1799 640 1863 crimen
664 1799 733 1870 erit,
758 1799 785 1863 s'i
809 1800 890 1864 nolis
914 1817 1042 1864 noscere
1067 1816 1151 1866 nera.

369 1922 429 1967 non
454 1904 524 1968 leue
550 1905 667 1969 crimen
691 1905 760 1972 erit.
785 1905 812 1969 si
837 1906 964 1989 cognita
986 1923 1062 1968 ueru
1084 1903 1252 1985 relinquas.

413 2009 475 2074 Sed
497 2014 529 2075 te
552 2014 727 2077 correctum
748 2011 852 2076 forsan
876 2015 1000 2074 mature
1018 2013 1164 2075 senectus

262 2157 269 2173 .
371 2116 403 2179 iu
426 2117 541 2180 melius
564 2121 693 2183 reuocat
713 2117 863 2181 satiatum
887 2117 1042 2182 erroribus
1065 2115 1154 2188 istis;

371 2225 497 2304 tempus
521 2223 603 2288 enim
627 2227 740 2292 mutat.
763 2225 847 2287 mula
869 2223 985 2307 digerit
1007 2223 1112 2288 omnio
1133 2226 1270 2304 tempus.

369 2333 446 2392 tunc
467 2329 575 2413 igitur,
600 2349 672 2394 curn
695 2334 727 2394 te
750 2331 897 2394 consultu
919 2329 1076 2394 reduxerit
1099 2332 1196 2403 actae,

372 2435 458 2501 disee
481 2437 538 2502 deo
562 2455 687 2502 seruare
711 2436 816 2513 fidem,
839 2456 877 2501 ne
901 2437 980 2503 sorte
1002 2435 1052 2501 bis
1075 2453 1174 2499 uuum

371 2542 511 2607 incurras
533 2544 677 2626 lapsum;
702 2544 775 2625 quia
798 2562 871 2607 uere
896 2541 1131 2607 diciturillud:

372 2649 426 2730 qui
448 2649 536 2731 pedis
561 2649 670 2713 offensi
692 2649 828 2733 lapidem
853 2650 954 2713 uitare
977 2648 1115 2713 secundo

369 2756 470 2820 nescit
493 2760 525 2819 et
546 2756 693 2821 incautus
715 2756 831 2820 iterum
855 2755 1023 2825 nexuuerit
1039 2757 1135 2831 artus,

367 2860 505 2943 imputet
524 2862 591 2945 ipse
613 2862 673 2927 sibi
697 2881 753 2927 nec
777 2862 903 2927 casibus
926 2862 1063 2945 imputet
1085 2860 1170 2925 ullis.

370 2968 490 3051 corrige
513 2968 664 3033 delictum
686 2968 845 3047 fidumine,
870 2970 988 3052 corrige
1012 2972 1161 3042 mentem,

367 3073 492 3137 suffecit
512 3094 642 3157 peccare
665 3075 773 3140 semel.
798 3075 915 3140 desiste
939 3075 1058 3139 uereri:

235 3178 276 3242 85
369 3198 430 3243 non
454 3180 514 3243 en't
534 3180 567 3244 in
591 3181 693 3263 culpa,
717 3200 812 3263 quem
833 3184 974 3264 paenitet
996 3186 1067 3247 ante
1091 3183 1199 3247 fuisse.

266 3365 301 3420 60
329 3384 399 3437 penu
421 3369 449 3422 P
482 3386 529 3423 uo.
557 3370 664 3423 61-65
690 3370 772 3424 lactet
795 3370 823 3425 R
850 3374 947 3425 desunt
973 3374 1004 3427 r'n
1027 3373 1083 3427 PF
1169 3373 1204 3427 64
1231 3371 1327 3426 Medea
1346 3370 1374 3426 Id

231 3480 265 3534 65
283 3485 358 3536 secte
377 3484 463 3549 (secte
479 3500 530 3538 ree.
550 3489 632 3551 corr.)
647 3486 675 3540 R
711 3485 893 3541 moderamine
914 3454 939 3555 (e
958 3504 1024 3542 corr.
1045 3500 1095 3542 ree.
1115 3493 1163 3551 m.)
1178 3490 1206 3545 R
1265 3486 1299 3539 67
1319 3502 1375 3539 uox

230 3570 335 3639 cogitet
355 3587 406 3626 rec.
430 3589 464 3627 m.
488 3576 603 3642 repetita
625 3576 656 3627 in
677 3592 763 3645 scorp.
781 3576 810 3631 R
900 3576 935 3631 68
959 3577 1033 3647 sede]
1056 3578 1109 3631 fide
1128 3580 1156 3633 Ji
1179 3596 1246 3635 coru.
1274 3580 1372 3635 Ricin.

230 3658 264 3711 69
283 3657 390 3713 dolose
410 3664 513 3732 eontra]
532 3661 627 3715 dolose
645 3668 738 3717 contra
750 3664 779 3719 R
870 3666 903 3718 70
923 3666 1001 3735 uelis]
1020 3668 1105 3721 uelles
1126 3668 1261 3723 Bclneiue
1281 3668 1372 3738 cupias

228 3746 274 3801 uel
291 3748 371 3817 quale
389 3748 459 3803 uelis
477 3750 575 3805 Riuin.
658 3752 690 3805 71
710 3746 996 3825 inqusm1numquum
1015 3756 1120 3809 Hartel
1203 3757 1237 3810 78
1257 3756 1319 3826 deo]
1337 3755 1371 3809 do

229 3835 292 3900 (rec.
313 3834 347 3889 do
367 3840 448 3905 corr.)
463 3838 491 3893 R
562 3838 597 3892 82
616 3839 690 3910 ullis]
708 3840 764 3894 iliis
778 3840 806 3895 R
892 3842 926 3897 83
944 3843 1072 3897 fidumine
1088 3844 1197 3905 Iunius.
1219 3862 1257 3898 an
1275 3844 1370 3898 fundu·

226 3922 323 3977 mine?
377 3925 412 3977 64
431 3925 531 3980 sufficit
551 3927 675 3987 (fiinfe
694 3944 832 3984 coenred.
851 3930 942 3999 m.)R
978 3932 1076 4001 uereri]
1094 3934 1195 3985 reuerti
1213 3932 1310 3988 Riuin.

317 4096 375 4151 .0.
395 4096 523 4169 Cypriani
542 4116 636 4154 uersus
655 4101 783 4156 aduersus
803 4103 935 4173 quendum
956 4108 1107 4160 senatorem
1126 4106 1263 4178 explid.1d

693 4300 899 4309 ffl..-.—--1
