3167 4975
702 313 905 366 Victorini

356 509 462 592 cogita
486 527 566 591 qnae
590 508 705 592 logias,
731 512 763 572 et
787 527 867 589 quae
891 508 1023 572 meliora
1045 512 1202 590 petantur.

222 617 255 676 ιζ.
357 635 417 680 non
442 618 474 678 te
500 615 652 680 sollicitet
675 615 777 680 inanis
802 615 916 679 salacia
938 614 1054 698 Regis:

356 727 387 784 et
411 726 553 786 crescant
575 723 638 786 isto
661 741 744 786 nunc
767 722 800 785 111
824 721 979 787 contraria
1001 720 1123 785 uictor:

357 828 486 910 spiritus
512 829 642 893 extinxit
664 829 820 904 flammas,
846 829 892 892 sic
916 827 1028 891 deinde
1051 827 1193 890 recessit.

357 935 442 1016 ‹prrod
466 934 595 1000 dederat
618 954 732 1019 corpus
756 936 855 998 tellus
880 935 1028 1016 adaperta
1050 933 1179 1016 recepit.

358 1043 529 1123 sanctaque
554 1061 634 1123 quae
659 1047 805 1124 superest
829 1043 934 1105 anima
955 1041 1110 1105 inuiolata
1132 1040 1274 1104 recessit.

403 1146 557 1225 Quamuis
581 1148 667 1212 lassa
690 1167 802 1230 parens
826 1167 882 1231 per
904 1151 954 1212 tot
977 1167 1035 1211 sua
1057 1147 1190 1210 uulnera
1212 1146 1332 1228 Regem

355 1255 496 1335 pertulit,
522 1258 555 1317 at
578 1273 703 1318 summo
727 1255 846 1337 pariter
867 1254 1077 1335 manibusque
1101 1253 1224 1336 supinis

356 1361 413 1424 has
438 1360 550 1424 habuit
573 1381 679 1436 uoces,
705 1365 737 1425 et
760 1362 838 1424 talia
861 1361 958 1425 uerba
980 1362 1089 1426 locuta
1111 1364 1179 1424 est:

356 1467 410 1546 qui
433 1471 523 1530 tenes
547 1467 713 1548 imperium
739 1466 830 1543 coeli,
854 1471 1030 1549 terraeque,
1054 1467 1223 1548 marisque.

354 1572 466 1654 sydera
489 1573 543 1654 qui
567 1573 675 1638 coelis.
700 1573 753 1654 qui
780 1573 836 1637 das
860 1573 1008 1637 animalia
1030 1572 1133 1647 terris,

221 1689 227 1703 ·
252 1737 255 1741 .
358 1679 546 1760 aequoribus
569 1680 684 1762 pisces,
710 1684 741 1742 et
764 1680 842 1743 talia
865 1679 920 1761 qui
943 1680 1090 1743 uerberas
1114 1697 1206 1742 auras

355 1785 394 1848 ad
416 1785 518 1868 prima
541 1805 629 1850 meae
654 1786 785 1868 cupidae
810 1785 927 1850 fidncia
950 1785 1063 1869 surgit,

357 1892 409 1973 qui
435 1892 530 1954 cbaos
553 1891 745 1974 implicitum
772 1910 866 1956 caeca
889 1892 1023 1975 caligine
1046 1891 1174 1958 misces.

355 1996 472 2061 diuidis
496 1997 527 2060 in
552 2001 668 2080 partes,
694 2001 726 2061 et
750 1998 806 2062 das
830 2001 1019 2080 noctemque
1044 1998 1200 2079 diemque.

355 2104 463 2166 lunam
488 2122 561 2167 cum
584 2103 671 2167 111111
697 2103 774 2177 sole,
800 2105 909 2186 etqui
933 2108 1077 2186 tempora
1101 2108 1238 2168 sement.

221 2216 226 2232 ·
266 2213 279 2264 .··
357 2212 449 2272 nocte
474 2208 587 2291 dieque
611 2208 703 2273 iubes
726 2210 834 2273 lumen
858 2229 966 2292 parere
989 2230 1045 2292 per
1069 2210 1185 2275 orbem.

355 2319 387 2376 ct
411 2318 485 2396 post
507 2315 585 2379 haec
609 2315 770 2380 hominem
797 2316 888 2380 cuius
912 2315 951 2380 de
976 2317 1096 2380 semine
1118 2315 1256 2379 mundus

355 2421 542 2503 completur,
567 2422 701 2485 mortale
726 2441 826 2507 genus
851 2426 884 2485 et
905 2422 1016 2506 lingua
1039 2422 1187 2504 liquescit

356 2528 484 2594 dissona
507 2549 562 2613 per
586 2532 707 2612 gentes,
733 2548 827 2612 sapor
849 2533 1026 2594 esttamen
1052 2528 1198 2594 omnibus
1222 2547 1315 2601 unns,

354 2635 410 2699 sed
435 2635 489 2717 qui
512 2635 652 2699 mutauit
674 2635 797 2699 meritis
820 2636 1048 2717 hominumque
1072 2635 1225 2717 loquelas,

354 2740 451 2824 longa
474 2742 588 2807 referre
611 2761 700 2807 mora
724 2744 782 2818 est,
807 2742 929 2824 coeptis
952 2742 1099 2807 insistere
1124 2744 1244 2805 certum
1270 2746 1337 2804 est:

355 2851 390 2911 tn
415 2866 500 2911 mare
525 2848 664 2913 diuisum
688 2848 780 2932 uirga
803 2848 936 2913 uoluisti
959 2852 1078 2922 tenere,

353 2955 427 3017 dum
452 2953 530 3036 pede
554 2973 610 3036 per
634 2954 755 3018 siccum
778 2953 917 3036 populus
941 2954 1177 3019 transcenderet
1201 2973 1317 3035 aequor

1268 721 1284 750 sl

253 3180 306 3232 239
326 3180 429 3249 cogita]
445 3180 547 3249 respice
587 3183 614 3231 ct
633 3195 712 3247 quam
773 3179 826 3232 290
844 3196 894 3232 uec
912 3185 940 3233 te
977 3180 1069 3234 miseri
1088 3180 1197 3232 t'allscia
1253 3178 1370 3232 2911111

215 3284 322 3322 crescas
345 3268 397 3338 ipsi
452 3268 505 3321 292
525 3268 659 3321 extinctus
673 3268 788 3321 flammis
840 3268 892 3321 296
908 3272 951 3321 ast
965 3269 1054 3321 animo
1070 3268 1172 3337 pariter
1227 3267 1278 3321 298
1292 3273 1369 3321 tenes

216 3356 287 3425 regis
361 3355 582 3409 29911111111111
654 3354 708 3408 300
728 3359 755 3408 ct
776 3355 853 3424 talia]
874 3360 985 3408 uentum
1022 3355 1149 3409 uerberat
1217 3356 1267 3409 301
1289 3354 1324 3409 ad
1341 3360 1369 3409 te

216 3444 303 3515 prima
321 3446 375 3498 mei
484 3445 536 3499 302
555 3446 670 3497 miscens
779 3444 832 3497 304
854 3444 1000 3514 lunamque
1025 3448 1053 3497 et
1075 3444 1199 3514 rapidum
1219 3444 1304 3497 solem
1323 3446 1372 3515 qui

217 3534 269 3590 305
291 3533 498 3599 (nocte-orbem)
520 3550 570 3588 om.
626 3532 814 3601 3071111111
869 3532 919 3585 311
941 3534 1084 3602 noluitque
1103 3537 1234 3603 tenesque

252 3712 305 3765 219
321 3715 448 3781 petentur
502 3710 554 3765 290
568 3710 677 3763 fallacia
731 3711 781 3763 291
794 3714 918 3764 crescunt
972 3711 1024 3764 292
1035 3710 1170 3780 extinguit
1225 3710 1370 3765 293111111-

215 3804 271 3854 rat:
293 3800 344 3853 riu.
365 3799 442 3852 dcrnt
459 3800 490 3851 iu
507 3816 556 3851 rus
576 3800 613 3852 ul.
634 3816 666 3851 111.
692 3798 798 3869 corpus]
819 3799 905 3868 carpis
997 3798 1050 3852 294
1073 3805 1148 3852 secta
1172 3816 1223 3869 que
1246 3803 1370 3869 superest

216 3890 270 3945 295
287 3888 341 3957 tot]
362 3905 441 3958 quarn
462 3888 617 3941 uulnerauit
634 3904 679 3940 rer
770 3888 822 3942 296
841 3888 968 3958 protullit
988 3892 1015 3941 et
1034 3904 1136 3941 summo
1227 3887 1280 3942 298
1297 3888 1370 3944 tanis

216 3977 268 4029 299
288 3981 359 4029 terre
452 3976 501 4029 301
524 3976 558 4029 ad
577 3976 689 4047 primam
708 3994 784 4030 meae
876 3976 928 4030 302
947 3976 1101 4046 inplicitum
1138 3976 1282 4045 caliginem
1300 3976 1370 4030 isoes

216 4064 268 4117 303
288 4063 393 4117 diuides
462 4064 515 4117 304
533 4064 678 4135 lunamque
699 4082 757 4117 cum
777 4064 834 4118 sole
853 4064 982 4133 uarioque
1001 4070 1122 4134 tempore
1191 4064 1244 4118 305
1261 4067 1369 4131 noctem

216 4156 341 4225 diemque
379 4156 487 4209 orbem:
503 4174 518 4209 o
534 4175 597 4211 can
613 4159 649 4211 ul.
719 4156 770 4211 307
791 4157 932 4227 conpletur
967 4156 1089 4225 liquiscit
1143 4156 1195 4210 308
1214 4154 1368 4209 hominibus

216 4245 421 4315 309111111111
478 4246 529 4300 312
549 4248 677 4317 populum
697 4246 967 4313 transcenderiequor
