3167 4975
634 430 684 484 De
712 430 934 502 Euangelio

360 623 489 688 sublimi
510 621 651 687 residens
674 622 765 700 solio,
790 641 885 706 opera
907 623 1005 690 ardua
1026 644 1174 702 cemens;

359 727 467 794 oceani
490 745 548 794 ceu
570 727 672 793 forma
693 727 789 794 m'aris
812 729 968 812 mtreiqne
992 731 1150 797 elementi.

250 836 286 855 ””
359 838 428 898 tum
451 833 555 898 senior
578 832 704 899 domino
728 833 829 899 seruit
851 833 965 900 chorus
987 836 1103 920 hymno
1125 838 1257 919 peritus,

359 939 409 1005 bis
432 939 576 1004 duodeno
597 938 702 1004 uirum
724 937 832 1018 iacies,
856 942 889 1004 et
911 940 1049 1007 crinibus
1072 942 1172 1020 0101ος

359 1046 528 1112 caesariem
549 1045 663 1110 rutilae
686 1063 722 1110 er
746 1064 822 1112 auro
843 1064 985 1129 pressere
1007 1066 1139 1114 coronae

357 1151 557 1233 incoluitque
580 1151 729 1216 humeros
753 1151 837 1217 stola
859 1151 1000 1230 candida,
1023 1153 1111 1219 mitis
1134 1153 1287 1228 amictus;

359 1259 524 1340 surgentes
549 1257 656 1323 crebro
681 1255 794 1339 capitis
817 1256 990 1322 uincimine
1010 1261 1142 1340 ponunt,

360 1365 392 1427 te
416 1362 578 1427 dominnm
600 1362 729 1447 linguis,
752 1365 785 1427 te
809 1380 947 1429 consona
968 1381 1047 1430 uoce
1070 1367 1237 1430 canentes:

402 1468 493 1552 Agis,
518 1471 625 1534 sancte
648 1467 736 1546 deus,
761 1468 854 1551 uigor
874 1467 976 1552 ignee,
1000 1468 1084 1534 celse
1107 1469 1265 1536 Sabaoth!

359 1577 453 1656 teque
476 1591 577 1658 genus
600 1573 764 1639 hominum
787 1573 927 1638 celebrat
948 1571 1091 1640 sermone
1112 1574 1278 1658 frequenti.

358 1681 391 1744 te
413 1679 551 1762 pecudes
574 1679 783 1760 uolucresque
808 1683 930 1758 sonant,
949 1681 986 1744 te
1008 1683 1099 1745 mute
1119 1680 1302 1763 loquuntur,

359 1786 391 1849 te
415 1785 500 1852 canit
523 1803 614 1852 omne
638 1801 760 1862 nemus,
786 1783 884 1850 colles
906 1785 1071 1868 nassesque
1094 1785 1244 1869 supinae;

273 1892 288 1946 Γ
359 1893 391 1954 10
415 1891 503 1956 uenti
527 1890 703 1974 strepitant,
727 1890 834 1974 pelagi
856 1893 888 1956 te
911 1895 1087 1956 murmuret
1108 1893 1202 1957 unda.

360 2015 519 2061 sacrorum
542 1996 607 2061 ritu
629 1996 717 2062 uario
741 1996 933 2079 templisque
957 1997 1069 2062 dicatis

359 2103 392 2167 in
414 2121 541 2167 nemore
563 2102 697 2180 incluso,
720 2101 855 2183 sculptis
879 2101 917 2166 de
939 2120 1093 2167 marmore
1116 2103 1254 2186 templis,

361 2226 430 2274 aere
454 2226 532 2273 cauo
555 2206 669 2292 positis
693 2206 792 2290 signis
814 2207 999 2289 picturaque
1022 2207 1118 2287 inani,

360 2316 393 2378 te
416 2315 527 2397 gentes
549 2311 722 2394 populique
746 2313 865 2390 colunt,
889 2313 948 2378 tibi
971 2316 1047 2378 uota
1068 2334 1240 2397 precesque

361 2419 551 2503 suscipiunt,
576 2435 755 2501 numenque
779 2421 872 2482 tuum
893 2435 1071 2502 nomenque
1093 2425 1265 2505 requirunt

405 2530 451 2591 Ac
473 2527 565 2590 uelut
587 2524 620 2589 in
642 2524 780 2589 tenebris
804 2526 896 2603 errat,
921 2524 973 2589 cui
995 2525 1101 2590 lumen
1126 2527 1329 2610 ademptum:

362 2633 459 2700 sentit
483 2631 594 2696 adesse
617 2629 795 2704 hominem;
820 2629 874 2711 qui
898 2625 950 2705 sit,
975 2630 1030 2694 ubi
1055 2630 1189 2714 denique
1214 2633 1316 2712 sistat,

365 2738 476 2815 nescit,
501 2739 534 2801 et
555 2736 684 2820 ignarus
706 2734 889 2817 perinanis
911 2734 1038 2800 brachia
1059 2737 1166 2813 iactat,

360 2843 511 2926 prendere
536 2842 563 2906 si
584 2841 689 2924 possit
710 2842 894 2922 tectumque
918 2841 1071 2907 adsistere
1095 2844 1228 2908 saltem:

279 2954 292 2971 ⁹
364 2969 425 3014 non
449 2949 541 3012 aliter
563 2948 684 3031 gentes,
709 2945 812 3011 caecis
836 2946 991 3011 erroribus
1015 2949 1113 3025 actae,

362 3058 433 3121 ante
458 3053 567 3119 oculos
590 3052 733 3135 positum
756 3054 930 3133 quaerunt3
956 3052 1011 3117 sed
1034 3052 1153 3118 lumine
1178 3072 1295 3119 cassae.

364 3158 548 3225 transiliunt
570 3157 678 3240 ipsum
702 3176 796 3239 quem
820 3150 992 3238 quaerunt3
1016 3158 1139 3222 ludicre
1160 3162 1288 3242 captant

365 3265 548 3349 effigiesque
571 3264 678 3328 locant
700 3262 805 3327 uarias
829 3264 862 3326 et
882 3262 1009 3327 nomina
1030 3264 1119 3328 mille

363 3373 531 3454 imponunt
552 3368 618 3447 uni,
642 3368 670 3433 si
692 3368 796 3452 possit
817 3368 930 3432 adesse
952 3371 1095 3433 uocatus.

365 3477 440 3543 illos
465 3475 558 3557 culpa
579 3470 695 3557 premit
718 3471 854 3556 gramen,
878 3472 993 3554 quibus
1017 3472 1141 3539 adstit't
1163 3476 1231 3559 ipse

363 3584 434 3648 ante
459 3581 568 3646 oculos
592 3579 702 3643 doctor
724 3596 839 3654 uerns;
865 3576 980 3659 quibus
1004 3596 1056 3642 ore
1079 3580 1216 3657 locutus,

321 3756 353 3808 ’13
373 3772 412 3824 sq.
432 3750 576 3821 specula,
597 3750 613 3802 6

319 3842 423 3896 75-80
443 3839 553 3910 Apocal.
573 3838 599 3905 4,
617 3839 643 3892 4.
665 3836 698 3892 10

266 3966 300 4022 711
319 3965 387 4020 solio
406 3962 527 4019 residens
546 3980 564 4014 a
619 3960 653 4014 78
672 3961 800 4015 amictum
814 3960 844 4015 (ἶ
862 3976 968 4028 serap
1024 3963 1057 4015 ’19
1078 3967 1264 4032 anteponunt
1282 3967 1319 4020 ol.
1338 3986 1374 4024 m.

231 4055 264 4111 dc
284 4054 349 4110 add.
367 4051 394 4106 θ
447 4051 482 4107 84
501 4050 611 4121 aspinae
628 4048 655 4103 θ
713 4049 747 4103 86
766 4050 877 4121 templis
894 4048 921 4105 G
938 4051 1035 4121 templi
1048 4070 1065 4103 π
1125 4050 1160 4105 90
1178 4054 1328 4124 suspiciunt
1348 4058 1374 4112 G

231 4157 332 4199 eorm
367 4155 518 4209 nomenque
536 4141 557 4194 t.
575 4144 637 4207 neq,
660 4135 687 4190 θ
705 4152 772 4193 corr.
792 4156 810 4190 π
909 4138 943 4191 92
963 4138 1023 4209 quis
1042 4139 1079 4193 sit
1097 4158 1115 4192 π
1149 4139 1181 4193 in
1197 4157 1283 4213 marg.
1301 4145 1375 4218 iudpi

231 4228 379 4301 paganiG
482 4228 517 4282 94
536 4224 705 4280 assisteret}
814 4227 847 4282 a?
866 4226 1040 4283 neumae
1144 4227 1195 4284 100
1214 4230 1328 4289 adstetit
1349 4236 1375 4290 G

231 4318 282 4373 101
302 4317 397 4372 doctos
419 4314 445 4370 G
464 4330 532 4370 corr.
550 4330 566 4368 r
583 4314 712 4385 loquutus
731 4334 748 4366 π
767 4386 770 4398 Ι

261 4440 344 4483 mil.
359 4439 429 4491 oypr.
443 4441 502 4489 poet.
1273 4394 1307 4449 18
