3167 4975
589 353 777 423 Cypriani
805 355 1096 423 heptateuchos

436 563 451 615 3
474 546 676 630 inposuitque
700 547 830 611 modum
851 546 901 611 bis
925 548 1086 631 sexaginta
1108 568 1164 632 per
1186 568 1293 618 annos.

476 653 601 715 uincere
624 670 717 733 quem
741 654 848 716 nullus
871 654 975 736 posita
998 655 1151 738 sublege
1174 657 1304 721 ualeret.

401 775 417 827 2
521 759 607 822 Haec
631 759 711 822 inter
735 764 861 824 sanctos
884 760 983 823 lactat
1005 763 1128 825 terrena
1150 762 1297 844 uoluptas

279 868 342 929 233
402 882 419 931 r
479 864 684 947 captiuosque
708 868 796 928 tenet
820 865 948 928 caelesti
972 884 1007 929 er
1032 885 1101 930 arce
1124 872 1284 935 meantes:

478 969 553 1033 dum
576 970 672 1033 facies
696 970 828 1052 pulchro
852 970 989 1034 ridentes
1013 990 1141 1054 corpore
1165 978 1296 1036 cernunt

479 1075 630 1139 femineas
655 1076 844 1158 placitisque
868 1077 961 1139 nimis
986 1078 1188 1159 conplexibus
1212 1079 1351 1156 haerent,

412 1212 415 1219 ·
479 1200 672 1265 progenuere
697 1182 757 1245 sibi
782 1185 872 1245 torua
897 1200 968 1245 cum
991 1183 1075 1247 mole
1099 1184 1262 1267 gigantes:
1290 1221 1337 1241 ,-

439 1303 455 1353 o
480 1304 611 1367 quorum
638 1285 821 1349 criminibus
845 1286 963 1351 donnini
986 1287 1139 1369 patientia
1161 1287 1287 1353 tandem

284 1394 348 1456 240
486 1390 611 1474 cogitur
635 1390 767 1461 offendi;
792 1391 918 1474 longam
944 1391 1017 1455 dum
1043 1392 1180 1475 concipit
1201 1392 1278 1455 iram

405 1488 437 1591 qs
487 1500 580 1577 atque
605 1494 691 1559 dolet
715 1495 872 1559 bominem
898 1496 1005 1559 dextra
1027 1495 1181 1561 fomri‘ute
1205 1502 1345 1561 creatum

419 1597 422 1608 ⁴
447 1631 452 1639 ·
483 1601 612 1673 siderea,
639 1604 747 1664 sancto
770 1604 933 1682 permotus
956 1604 1082 1683 pectore
1106 1602 1206 1681 fatur:

441 1724 457 1775 7
485 1706 557 1781 „Ius
582 1705 685 1769 delere
709 1706 787 1769 milri
811 1706 921 1769 mundi
943 1710 1074 1789 peccata
1097 1708 1238 1772 nocentis

480 1812 630 1877 fluctibus
655 1812 818 1893 aequoreis
842 1815 1003 1893 totamque
1026 1813 1190 1876 inuoluere
1213 1818 1327 1877 terram

283 1922 347 1984 245
482 1918 718 1998 humanumque
742 1936 842 2000 genus
866 1918 966 1982 uastis
989 1938 1126 1982 mersare
1150 1919 1277 1983 fluentis

484 2022 728 2106 omnigenasque
753 2022 850 2085 simul
872 2022 1021 2103 pecudes,
1050 2042 1129 2103 quae
1152 2024 1236 2087 laeta
1257 2042 1313 2105 per
1335 2041 1430 2105 agros

481 2128 622 2210 grarrnna
645 2128 831 2192 detondent.
856 2128 950 2192 celsis
974 2128 1049 2191 dum
1074 2128 1209 2193 collibus
1232 2131 1342 2191 errant.

486 2238 647 2316 serpentes
671 2252 727 2297 nex
752 2251 815 2296 una
838 2236 961 2315 premat
984 2235 1193 2315 uolucresque
1216 2234 1369 2313 ferasque,

483 2343 520 2403 ut
542 2356 613 2403 mea
636 2338 748 2403 deletis
772 2340 920 2402 mitescat
942 2339 1104 2403 frarrdibus
1128 2340 1202 2402 ira.“

285 2448 349 2513 250
430 2463 462 2516 14
486 2446 601 2529 accipit
624 2464 697 2528 ergo
723 2444 772 2509 dei
796 2444 944 2510 mandata
966 2445 1107 2530 iugentia
1129 2444 1207 2509 Noe.

485 2551 665 2635 duplicibus
690 2552 822 2616 cameris
845 2570 949 2615 arcam
974 2570 1168 2634 conpungere
1191 2551 1310 2624 iussus,

485 2675 564 2738 quae
589 2659 697 2720 teneat
719 2657 887 2720 uolucrum
910 2675 1059 2720 mansura
1082 2655 1121 2718 ad
1144 2655 1285 2738 germina
1307 2654 1409 2718 nidos

486 2780 532 2831 ac,
557 2781 597 2824 ne
621 2760 775 2824 fissilibus
800 2759 972 2824 dissultent
994 2761 1107 2824 robora
1128 2759 1227 2835 rimis,

486 2866 625 2949 unguine
648 2865 834 2948 praepingui
857 2865 952 2929 linuit
974 2864 1139 2929 bituminis
1163 2883 1276 2931 arcam.

289 2975 354 3038 255
433 2989 466 3041 15
489 2972 559 3053 ipsa
582 2970 643 3034 luit
666 2971 775 3053 plenas
800 2973 849 3033 ter
872 2973 998 3033 centum
1022 2969 1195 3051 longspes
1218 2969 1319 3042 ulnas,

487 3074 715 3158 quinquaginta
738 3076 849 3155 patens
873 3076 1085 3138 transuersam
1107 3075 1173 3136 lata
1195 3093 1250 3156 per
1273 3073 1392 3156 aluum.

491 3183 524 3244 st
547 3199 609 3262 qua
632 3178 761 3242 sublimi
786 3182 921 3261 surgunt
943 3178 1071 3262 lastigie
1092 3182 1188 3254 tecto,

490 3285 575 3349 edite
596 3287 646 3348 ter
668 3283 756 3348 denis
780 3283 812 3346 in
837 3283 960 3347 caelum
983 3285 1108 3349 tollitur
1129 3284 1225 3362 ulnis,

435 3409 468 3460 14
492 3408 596 3454 assere
621 3387 783 3470 quadrato,
807 3388 905 3452 nullis
929 3407 1056 3453 cessura
1078 3389 1216 3464 fluentis,

290 3499 355 3564 260
434 3512 467 3565 16
491 3494 530 3558 ad
552 3493 692 3558 medium
717 3495 847 3576 gestans
869 3493 955 3557 facili
978 3514 1049 3559 cum
1074 3496 1198 3560 cardine
1221 3500 1340 3579 postes.

378 3603 396 3666 7
450 3618 463 3671 1
489 3601 565 3664 haec
589 3597 727 3681 perfecta
750 3597 829 3662 deus
852 3604 1020 3682 postquam
1045 3601 1186 3684 despexit
1209 3602 1247 3664 ab
1272 3599 1375 3674 astris,

324 3783 375 3836 232
397 3780 529 3851 inposuit]
552 3779 607 3832 AO
645 3783 791 3850 sexagenta
812 3778 838 3832 G
896 3779 1072 3834 23411010
1124 3782 1174 3834 237
1195 3781 1290 3834 animis
1309 3780 1336 3832 A
1372 3795 1435 3833 con·

288 3867 464 3942 plexibus](}
518 3869 570 3921 238
588 3871 669 3920 turus
687 3886 708 3918 ω
745 3872 879 3937 gygantes
900 3867 926 3921 G
980 3869 1028 3921 241
1047 3867 1182 3937 adqueG
1235 3869 1288 3921 242
1302 3865 1436 3920 sanctaA

289 3985 341 4038 246
361 4001 386 4052 q.
409 3979 434 4036 0
511 3981 562 4034 247
591 3979 826 4044 detondetoudent
851 3980 878 4031 A
911 3979 1106 4034 detundantC
1184 3981 1237 4033 243
1265 3954 1436 4049 1111111116

289 4073 410 4143 praemat
426 4068 452 4123 d
466 4068 610 4138 premoti}
652 4067 704 4120 250
719 4067 848 4120 mandata
862 4067 947 4120 deiO
990 4069 1039 4120 251
1057 4069 1235 4137 conpungere]
1250 4089 1272 4118 ω
1314 4067 1435 4121 2531ῑεί-

290 4158 361 4214 libus
383 4157 407 4210 C
448 4155 530 4210 robur
556 4155 651 4208 eremis
674 4155 698 4208 C
767 4157 820 4208 254
847 4155 939 4208 liniuit
967 4155 1098 4209 bitumine
1117 4158 1144 4208 A
1207 4157 1258 4208 257
1288 4161 1317 4208 nt
1335 4155 1435 4224 quaG

291 4251 373 4314 atque
391 4243 446 4296 AO
479 4243 530 4296 239
550 4258 660 4296 censura
681 4241 707 4296 G
761 4241 813 4295 260
833 4247 942 4310 gestans
964 4241 989 4294 G
1009 4243 1117 4310 giptans
1136 4244 1160 4294 ,4
1183 4244 1304 4311 girptens
1326 4243 1350 4294 0
