3167 4975
609 350 652 404 de
679 349 937 405 Macbabaeis

350 549 455 624 uatus,
480 552 512 611 et
535 546 669 611 attonita
691 549 797 610 mente
820 545 1010 610 contundere
1034 543 1148 627 coepit.

351 654 435 719 hunc
457 656 628 737 postquam
651 656 788 717 stantem
813 651 984 716 summisso
1007 650 1127 716 lumine
1150 650 1241 728 uidit,
1468 673 1520 730 160

351 760 470 824 talibus
493 757 677 844 aggreditur
699 758 805 836 dietis
829 757 987 824 monitura
1009 757 1192 823 timentem:

351 866 493 950 aprima
517 871 648 948 quartus
670 867 781 948 pertus
805 864 883 928 mihi
905 867 1036 947 quartus
1060 865 1100 929 ab
1123 864 1196 940 imo,

351 992 432 1056 quae
455 992 537 1037 nuuc
561 973 659 1037 uerba
680 971 749 1036 tibi.
773 991 854 1054 quae
876 990 1008 1056 possum
1032 969 1134 1036 dicere
1158 975 1255 1035 nats?

351 1079 411 1145 boc
433 1079 495 1144 nisi
518 1078 602 1162 quod
625 1078 730 1144 solum
754 1078 866 1143 durata
889 1078 1031 1161 potentia
1051 1081 1158 1142 tecum

349 1185 393 1249 sit
416 1185 512 1250 simul
536 1187 568 1250 et
591 1185 704 1258 uirtus,
729 1189 919 1266 sanctaeque
943 1183 1072 1268 originis
1095 1186 1206 1249 auctor

349 1291 397 1355 illi
420 1291 572 1356 debemus
596 1292 664 1375 regi
687 1273 897 1375 quodcunque
921 1309 1077 1374 rogamur.

350 1398 405 1462 ille
429 1398 517 1462 dedit
538 1397 630 1462 uobis
652 1397 812 1461 Abraham
836 1415 908 1460 eum
933 1397 1053 1462 semine
1077 1399 1197 1463 sancto.

350 1523 521 1587 perquem
545 1504 705 1577 nobilitas,
730 1522 902 1587 perquem
925 1522 1026 1587 genus
1051 1521 1142 1568 omne
1166 1502 1326 1586 probatur,

347 1611 433 1694 qrrod
456 1614 563 1676 manet
585 1611 615 1675 iu
641 1610 814 1676 dominum.
839 1613 969 1676 sanctus
993 1609 1047 1692 qui
1070 1609 1212 1674 nascitur
1232 1609 1312 1679 Iseo.

349 1723 425 1783 tunc
449 1738 522 1783 cum
545 1717 608 1782 iarn
634 1719 757 1782 nullum
781 1720 890 1783 natum
914 1737 1039 1801 sperare
1063 1719 1211 1782 senectus

241 1827 258 1848 ⁸
323 1884 325 1889 .
352 1830 463 1909 sponte
487 1845 546 1891 sna
567 1829 702 1908 poterat,
725 1825 844 1891 sterilis
868 1823 942 1907 quia
965 1824 1056 1890 Sarra
1078 1823 1236 1888 manebat.

349 1936 488 1998 attamen
511 1933 590 1998 baec
612 1932 745 2017 peperit,
769 1932 939 2017 generique
961 1929 1132 2016 propagine
1157 1932 1268 2013 coepta

349 2061 384 2106 ex
407 2042 566 2125 insperato
588 2043 752 2105 remanent
773 2039 833 2104 tibi
856 2038 948 2104 Sarra
969 2042 1111 2121 nepotes

347 2149 432 2213 Esau
455 2151 487 2211 et
509 2147 643 2231 patriam
666 2146 823 2211 deductus
847 2145 940 2211 Iacob
963 2145 995 2210 in
1018 2165 1124 2211 unam.

349 2274 429 2337 quos
451 2253 598 2338 precibus
621 2258 713 2337 partu
736 2253 862 2337 gemino
886 2252 1047 2336 peperisse
1069 2251 1222 2325 Rebecca,
1464 2290 1516 2346 175

263 2364 275 2377 '
348 2361 421 2425 binc
438 2380 561 2427 snmus.
576 2360 650 2425 binc
666 2360 793 2426 orimur.
811 2379 912 2442 genus
931 2359 991 2424 boc
1009 2357 1159 2422 tibisnete
1177 2355 1359 2440 petendum.

349 2470 384 2532 tu
408 2467 467 2533 tibi
489 2467 590 2552 pande
613 2467 699 2532 niam
723 2466 859 2551 generis.
883 2465 937 2549 qui
960 2483 1029 2530 arce
1052 2465 1203 2548 priorum,

346 2594 481 2657 quorum
503 2574 671 2659 progenies
694 2577 799 2638 toturn
823 2572 966 2655 dispersa
987 2591 1043 2655 per
1065 2572 1171 2637 orbem

348 2680 502 2745 inuidiam
524 2680 655 2763 patitur,
680 2679 842 2744 dominum
868 2678 942 2760 quia
964 2679 1033 2743 sola
1054 2681 1216 2761 potentem

346 2793 453 2853 mente
477 2788 564 2860 colit,
588 2788 704 2851 mixtae
728 2805 786 2851 uec
809 2787 919 2850 turbae
943 2786 1067 2869 accepit
1088 2784 1224 2866 iniquae.

346 2894 423 2977 quid
445 2894 505 2957 tibi
528 2914 600 2959 cum
623 2892 707 2959 tristi
730 2894 850 2958 ruditu?
875 2892 950 2977 quid
972 2892 1094 2957 lumina
1115 2896 1216 2957 terrae

347 3002 408 3064 fixa
428 3005 544 3066 tenes?
569 3002 694 3066 coelum
717 3000 835 3083 potius.
861 3000 1004 3082 coelique
1027 3003 1189 3083 parentem

347 3106 568 3190 conspicere
592 3105 713 3171 dubita.
736 3110 839 3170 mater
860 3106 920 3171 tibi
943 3124 1092 3190 prospera
1115 3110 1281 3171 monstrat.

344 3212 496 3296 quicquid
518 3212 550 3275 id
574 3216 635 3280 est.
658 3212 817 3295 patienter
840 3212 925 3287 audi,
950 3212 1093 3277 consenti
1116 3212 1132 3243 a

249 3430 299 3485 158
320 3430 465 3489 attonitam
484 3431 603 3481 mentam
673 3427 725 3481 159
745 3425 878 3480 submisse
949 3426 1205 3499 ldbsolum1coeli
1261 3430 1311 3484 164
1332 3434 1360 3485 et

209 3523 319 3573 sanctae
398 3516 449 3572 168
468 3520 577 3570 sanctus
597 3515 640 3569 cui
718 3514 769 3569 176
788 3515 903 3579 Eranus-
923 3598 926 3603 1
972 3516 1023 3569 174
1042 3516 1176 3588 precibus]
1196 3522 1297 3573 certum
1318 3522 1359 3573 est

211 3608 262 3661 176
281 3606 342 3677 quia
360 3606 389 3661 iu
407 3623 432 3660 a.
446 3606 552 3676 piorum
591 3604 641 3658 178
656 3603 779 3675 petit-ur?
818 3604 868 3657 179
882 3604 996 3658 accessit
1033 3603 1085 3658 188
1100 3602 1274 3659 consensibus
1289 3620 1358 3673 auge

247 3749 299 3802 159
312 3747 392 3817 uidit]
425 3748 467 3801 uit
520 3746 571 3801 169
585 3746 743 3817 adgreditur
795 3748 842 3801 161
859 3747 1092 3818 quartusaprimo
1145 3748 1196 3801 164
1216 3747 1259 3801 Sic
1278 3747 1359 3801 simul

208 3844 254 3891 sca
273 3853 324 3907 que
344 3837 461 3907 origenis
478 3840 522 3906 (ge
536 3837 567 3888 r'n
581 3836 610 3906 gi
625 3837 674 3904 al.)
750 3837 801 3889 165
819 3836 955 3906 rogemur]
973 3852 1104 3905 negamus
1178 3836 1228 3889 166
1248 3833 1358 3889 ebrham

212 3924 262 3978 168
279 3926 309 3978 in
328 3923 372 3977 dnn
391 3930 446 3978 adm
482 3925 554 3978 isaac
609 3925 662 3979 169
680 3930 804 3997 senectus
874 3924 926 3981 170
944 3924 1060 3979 sterielis
1134 3924 1181 3983 171
1202 3923 1250 3979 sad
1268 3928 1358 3978 tamen

211 4013 318 4083 peperit
409 4012 461 4067 172
480 4012 569 4083 patric
585 4004 664 4066 iacob
682 4029 763 4066 unam
859 4014 910 4068 174
929 4018 1036 4084 parturn
1056 4013 1192 4083 geminum
1212 4013 1357 4083 (peperisse

208 4100 331 4156 Rebecca
348 4118 408 4166 om„
427 4102 458 4155 in
475 4118 561 4172 coare.
579 4118 648 4156 crare
667 4102 732 4155 cdd.
753 4107 787 4169 ÷)
846 4102 896 4157 175
915 4103 977 4156 hinc
991 4103 1105 4157 corimur
1160 4102 1211 4156 176
1226 4102 1273 4173 qui
1287 4102 1356 4171 arce]

210 4206 261 4259 que
280 4206 340 4243 asco
420 4190 471 4245 179
489 4195 607 4245 mentem
700 4190 748 4244 181
770 4195 864 4245 tenens
947 4192 998 4246 183
1017 4198 1077 4260 poa!
1097 4192 1218 4245 consenti
1236 4192 1357 4259 spetiem

208 4294 329 4332 uacuum
