3167 4975
690 319 893 374 Victorini

347 519 437 581 firma
460 521 576 592 manet
600 517 663 581 iam
687 536 769 599 quae
791 520 917 600 poteret
938 519 992 582 uel
1016 518 1141 582 uincere
1165 517 1295 601 Regem.

390 625 440 689 Ad
464 643 557 706 quem
583 624 630 689 sic
652 624 778 707 placido
802 630 905 689 nister
928 645 1071 690 sermone
1095 625 1202 690 locuta
1228 631 1295 689 est:

349 732 377 795 si
401 731 474 796 dare
498 731 681 814 complexus
705 732 799 796 matri
822 731 881 795 tibi
904 733 977 794 uate
1000 729 1121 796 liceret.

347 839 499 904 confiteor
521 838 582 902 soli
605 842 680 921 post
701 839 835 903 uulnere
859 843 931 902 nate
955 836 1124 902 dedissem.

348 946 403 1009 sed
426 964 478 1009 me
503 944 581 1009 dure
603 948 703 1022 uetat.
729 949 762 1009 et·
784 945 886 1010 tristis
910 943 1050 1028 potentia
1075 943 1171 1027 Regis

347 1049 483 1134 denegat
506 1051 681 1134 amplexus.
706 1051 782 1115 dum
807 1051 851 1116 eit
874 1069 935 1115 uox
958 1049 1058 1114 libera
1082 1050 1183 1115 uobis.

347 1160 380 1221 et
403 1157 500 1222 liceat
521 1157 706 1222 meminisse
731 1157 791 1233 dei.
815 1157 984 1242 legemque
1010 1159 1114 1220 tenere

261 1304 271 1324 2
348 1281 410 1327 non
436 1281 454 1327 a
477 1282 551 1347 rege
575 1262 692 1342 dutum,
716 1264 771 1328 sed
797 1282 892 1345 quam
916 1262 994 1328 deus
1018 1262 1135 1327 arbiter
1158 1262 1241 1327 orbis

347 1369 488 1434 tradidit.
514 1373 546 1434 et
568 1370 680 1434 mundi
703 1374 816 1441 rector.
840 1369 1012 1452 Mosesque
1034 1369 1166 1452 petitam

346 1477 478 1558 aceepit
502 1478 685 1560 populoque
709 1476 805 1552 dedit,
831 1495 903 1541 eum
926 1476 1060 1540 maxima
1083 1475 1154 1540 leus
1178 1478 1226 1539 est

346 1601 441 1648 nosse
466 1582 571 1648 deum.
595 1583 709 1648 merito
733 1583 784 1648 oui
809 1601 866 1648 nos
890 1582 1067 1647 tribuemus
1091 1582 1253 1648 honorem.

345 1692 383 1753 tu
406 1688 500 1754 modo
524 1708 563 1753 ue
587 1689 699 1753 dubita
720 1689 851 1754 monitis
874 1691 983 1773 perere
1006 1689 1162 1773 parentis:

350 1795 406 1860 sed
428 1795 524 1879 uigor
546 1799 579 1859 et
600 1795 716 1865 uirtus.
739 1795 931 1879 penitusque
954 1795 985 1860 in
1008 1799 1136 1879 pectore
1159 1799 1226 1860 toto

345 1920 437 1966 mens
460 1905 589 1966 moueat
611 1901 674 1965 iem
697 1903 791 1985 pleno
814 1902 883 1969 deo.
910 1901 962 1968 Sic
984 1901 1096 1968 fortior
1118 1905 1205 1966 aetas

346 2025 440 2089 quam
464 2007 545 2092 Regi
569 2027 694 2091 sperare
718 2009 789 2085 fuit.
815 2027 940 2092 sperare
964 2008 1137 2074 iubentem.

347 2134 364 2177 0
390 2117 508 2194 quanto
530 2114 646 2188 uirtus.
671 2117 787 2196 quauta
813 2118 863 2180 est
885 2115 1001 2179 fiducie
1024 2114 1123 2179 forti?

345 2220 402 2285 sed
426 2224 532 2285 temen
557 2221 633 2303 quid
658 2220 784 2286 dubitas
809 2221 931 2286 medius
955 2221 1099 2286 euincere
1123 2221 1291 2285 flammas?

260 2367 268 2388 ι
348 2325 548 2403 meteretis,
572 2327 651 2390 mihi
675 2327 766 2392 erede
789 2347 877 2410 puer,
901 2327 1066 2409 uictorque
1090 2326 1217 2392 redibis.

347 2432 476 2497 ossibus
500 2436 534 2497 et
555 2432 673 2497 ualidis
696 2433 845 2498 miscebit
869 2452 999 2517 corporo
1022 2451 1149 2509 neruus.

344 2544 551 2621 serentesque
575 2539 697 2604 animas
719 2540 837 2605 iterum
860 2540 892 2603 in
916 2558 999 2605 noue
1022 2540 1147 2605 uiscera
1169 2539 1281 2604 reddit.

347 2646 403 2710 sed
428 2665 466 2709 ne
490 2646 570 2709 forte
594 2647 699 2710 tamen
722 2646 852 2730 rapidus
875 2650 907 2710 te
930 2648 1048 2710 terreat
1069 2646 1163 2729 ignis.

344 2751 476 2815 fratrum
501 2770 591 2815 sume
615 2753 747 2817 animos.
771 2756 998 2834 aeternumque
1018 2751 1132 2833 iunoce
1155 2772 1282 2819 nornen.

389 2858 482 2921 Iussa
505 2857 591 2934 facit,
615 2858 797 2941 tacitusque
821 2859 916 2923 deum
939 2861 1088 2935 testatus,
1113 2864 1145 2923 et
1168 2864 1237 2924 orat

344 2983 505 3028 murmure
529 2983 591 3045 quo
613 2968 748 3047 poterat,
771 2984 905 3049 puemm
928 2983 990 3029 nou
1013 2964 1148 3048 impedit
1172 2970 1268 3034 aetas.

344 3088 406 3133 non
430 3068 494 3132 iam
517 3069 630 3135 timere
654 3088 776 3135 neoem.
800 3070 956 3152 matrique
980 3071 1101 3135 uolenti
1236 3074 1252 3104 ⁴*

347 3176 462 3259 pamit.
488 3180 520 3239 et
544 3175 628 3242 dieto
653 3177 749 3241 eitius
773 3176 960 3260 superimuit
981 3176 1082 3260 ignes.

244 3369 298 3421 242
317 3372 344 3421 et
363 3367 407 3436 tr]
428 3368 568 3438 tristisque
624 3367 677 3421 243
696 3364 744 3419 sed
762 3368 845 3435 neget
899 3364 1131 3434 nercum1quam
1187 3364 1237 3417 251
1259 3364 1306 3434 sic]
1322 3364 1359 3417 sit

208 3454 262 3510 252
281 3453 401 3510 iubentis
456 3455 510 3510 253
530 3474 545 3507 o
565 3475 591 3525 q.
611 3459 653 3510 est
671 3455 758 3508 uirtus
796 3454 874 3508 fortis
930 3454 982 3508 254
1001 3452 1102 3523 tamen]
1122 3459 1153 3507 tu
1207 3452 1260 3507 255
1281 3452 1356 3522 (mihi

208 3542 297 3611 crede)
354 3543 522 3599 estiennot
576 3545 629 3599 259
647 3542 749 3613 inspice
805 3542 859 3597 262
878 3542 992 3613 amplius
1010 3540 1083 3597 haud
1101 3542 1182 3596 timet
1200 3542 1246 3597 ilic
1265 3556 1356 3597 necem

208 3632 262 3687 263
281 3634 353 3702 ignis

176 3736 297 3827 .-238
315 3736 549 3844 iamque-pmteras
617 3770 671 3825 240
690 3771 834 3840 conplexus
906 3770 959 3825 242
979 3776 1069 3825 uetutc
1089 3772 1175 3825 tristis
1248 3774 1300 3827 244
1320 3774 1356 3841 et}

209 3862 280 3916 enim
317 3862 371 3933 dei]
391 3862 436 3917 dm
491 3864 543 3917 246
559 3863 648 3933 petita
701 3862 754 3915 248
768 3860 873 3914 meritis
900 3859 1060 3931 tribuemus]
1080 3862 1173 3916 demus
1228 3863 1281 3917 250
1300 3862 1356 3932 sed]

209 3976 232 4029 si
270 3976 339 4047 toto]
367 3980 415 4031 tuo
507 3977 561 4033 253
584 3976 682 4031 fiducie
704 3978 736 4030 in
757 3992 814 4030 ras.
905 3975 958 4031 254
982 3976 1136 4046 peruincere
1222 3978 1276 4032 255
1299 3994 1357 4042 erus

208 4071 350 4135 sectorque
385 4064 493 4119 redebio
561 4066 615 4121 256
628 4064 759 4119 miscebat
773 4080 900 4134 corporee
960 4066 1011 4119 258
1031 4070 1058 4118 tc
1077 4082 1128 4119 om.
1189 4068 1242 4121 259
1260 4084 1357 4121 nomen

208 4151 262 4207 260
281 4155 381 4208 tacitus
400 4155 447 4224 qui
483 4160 601 4209 testetur
699 4155 751 4208 261
771 4152 845 4223 quod
948 4153 1001 4209 262
1020 4154 1133 4209 timuere
1153 4156 1261 4225 necetis
1281 4160 1306 4223 (e
1326 4174 1358 4211 eu

208 4242 251 4295 est
270 4241 319 4309 ai.)
375 4241 427 4297 263
447 4247 475 4297 et
493 4242 529 4313 0.]
550 4243 638 4298 edicto
675 4243 758 4297 inruit
