3167 4975
579 301 792 355 Leuiticus
823 301 894 364 lip-
917 301 970 359 llio

318 511 350 565 12
373 499 476 560 testea
498 496 573 578 quin
596 496 693 560 etiam
715 495 763 561 ias
786 499 836 562 est
858 495 1049 580 perfringere
1072 513 1150 560 uasa

377 604 523 667 contactu
548 601 709 667 maculata
730 601 801 680 uiri,
826 605 859 666 st
881 603 965 667 iacta
987 602 1116 667 metallo

219 710 262 773 80
376 707 495 773 diluere
518 727 555 772 ac
578 707 680 774 uitreo
704 707 812 774 sordes
836 707 983 774 diducere
1005 707 1084 773 rino.

319 831 352 883 16
419 814 488 878 Hac
512 813 608 878 stiam
632 814 713 878 liciti
737 813 841 879 coitus
865 815 923 880 sub
947 795 1020 899 lege'
1040 814 1176 898 piantur.
1358 843 1397 890 45

269 935 351 990 13-15
375 919 463 984 ilicet
485 919 587 985 erutis
610 920 824 986 membrorum
846 920 917 984 labo
940 920 1076 984 molesta

375 1025 509 1090 sodates
531 1025 707 1108 praestabit
729 1044 832 1109 opem,
856 1044 928 1089 cum
953 1025 1019 1091 sole
1041 1043 1169 1089 reuerso

375 1131 511 1215 septima
533 1131 677 1215 puniceis
700 1150 812 1198 aurora
835 1131 967 1196 eluxerit
990 1130 1093 1200 astris.

218 1241 260 1303 85
375 1240 498 1302 turture
522 1237 551 1304 si
573 1238 700 1323 gemino
722 1237 833 1302 ueniat
855 1237 1007 1304 subnixus
1030 1235 1069 1300 ad
1093 1255 1177 1300 aram

375 1344 497 1426 peccati
520 1345 651 1427 uotique
673 1363 747 1409 rens
769 1345 960 1429 paribusque
985 1342 1151 1409 columbis.
1358 1379 1399 1424 50

320 1467 352 1518 19
419 1451 560 1528 Femina,
585 1450 717 1518 decurso
741 1471 821 1535 quac
845 1451 882 1516 fit
905 1450 966 1515 iam
990 1454 1153 1516 menstrua
1175 1467 1293 1514 recense.

373 1557 518 1623 foedatur
538 1557 625 1622 sanie
647 1557 783 1635 madida,
807 1576 888 1640 quae
911 1557 1066 1641 promitur
1089 1555 1172 1621 alum

377 1667 410 1726 et
433 1663 586 1746 quidquid
609 1665 721 1748 tangit,
745 1663 896 1742 maculat,
921 1663 996 1728 dum
1021 1661 1176 1746 septimus
1202 1662 1264 1726 exit

216 1770 261 1832 90
317 1785 351 1838 25
374 1769 505 1836 lucifero
528 1770 679 1836 redeunte
704 1771 790 1847 dies;
816 1771 864 1836 sin
889 1770 1014 1835 auctius
1038 1773 1131 1854 urget

372 1875 457 1940 unda
478 1896 595 1942 nocens
619 1877 759 1959 certique
782 1875 926 1942 abscedit
948 1876 1099 1960 temporis
1123 1876 1208 1942 ordo.
1358 1915 1395 1963 ‚235

374 1980 544 2048 indiscreta
565 1983 643 2048 mali
665 1983 763 2048 iacies
785 1983 933 2064 idemque
956 1981 1035 2048 reati

316 2103 350 2155 29
374 2087 446 2152 linis
470 2088 540 2164 crit,
564 2093 707 2154 sanctam
731 2089 759 2154 si
781 2092 907 2173 promat
929 2107 1046 2154 munus
1070 2089 1109 2153 ad
1133 2107 1216 2152 aram

371 2213 407 2258 er
430 2194 492 2271 his,
516 2214 595 2277 quas
619 2195 746 2262 domino
771 2198 897 2261 constat
918 2193 1077 2279 placuisse
1101 2195 1257 2260 uolucrem
1358 2221 1396 2266 ,aa

214 2300 258 2361 llo
272 2301 314 2363 lu
335 2317 346 2368 1
417 2301 541 2366 interea
563 2302 710 2366 extinctis
732 2302 845 2367 marito
870 2303 929 2366 sub
953 2300 1082 2366 crimine
1105 2300 1188 2366 natis

372 2408 505 2472 daronis
528 2408 667 2492 proceris
690 2407 838 2474 dominus
862 2407 939 2472 haec
963 2407 1089 2471 intimat
1111 2406 1232 2492 ingens.

330 2530 347 2581 2
370 2517 417 2592 ut,
441 2514 516 2597 quia
537 2516 709 2599 praetentis
733 2516 865 2581 dimissa
888 2514 1071 2580 umbracula
1094 2515 1175 2579 uelis

371 2620 452 2685 altar
473 2620 570 2687 babet
593 2640 743 2704 sacraque
768 2622 865 2687 simul
887 2620 1093 2705 praenubitur·
1116 2640 1197 2698 arca

370 2726 564 2810 temporibus
589 2728 682 2792 certis
706 2748 776 2793 asse
803 2728 979 2810 referatque
1002 2728 1148 2809 locetque

371 2833 518 2900 sacerdos
541 2835 595 2918 pia
616 2838 693 2899 uota
716 2834 829 2909 serens,
854 2834 929 2917 quia
951 2837 1079 2898 sanctus
1102 2833 1221 2899 ibidem

369 2939 523 3005 consistat
547 2940 694 3006 dominus
718 2941 836 3006 albenti
861 2940 891 3005 in
916 2940 998 3004 nrrrbe
1022 2939 1188 3005 uideudus.

329 3062 345 3113 3
370 3045 416 3110 sic
438 3048 545 3111 tamen
569 3049 607 3111 ut
628 3047 767 3112 uitulum
791 3046 916 3131 propn'o
939 3065 995 3130 pro
1018 3045 1147 3110 crimine
1171 3051 1254 3110 mact
1274 3050 1297 3113 t.

295 3164 347 3219 a?
370 3170 489 3235 proque
512 3172 674 3238 synagoga
696 3154 817 3218 similes
841 3174 912 3219 mox
937 3153 1081 3217 immolet
1104 3152 1217 3217 hircos.

276 3274 292 3325 s
313 3272 346 3327 10
370 3261 454 3323 sorte
478 3259 538 3324 sub
562 3260 678 3336 oblata,
702 3279 785 3325 unus
809 3279 872 3343 qua
894 3260 1007 3325 deuius
1032 3265 1122 3335 emet,

191 3365 255 3427 105
367 3368 554 3446 peccantum
579 3366 695 3433 delicta
717 3367 820 3431 sereres
844 3385 1015 3449 secumque
1039 3364 1220 3430 recondens,

327 3491 344 3543 9
368 3478 418 3539 ast
440 3474 522 3540 alius
546 3475 703 3560 placidam
726 3481 764 3542 ut
786 3477 914 3543 domiuo
937 3480 1094 3541 mactetur·
1116 3476 1155 3541 ad
1180 3495 1273 3545 aram.

367 3581 487 3663 optima
510 3581 623 3647 siderei
646 3584 769 3649 laturus
794 3584 961 3648 commoda
983 3582 1066 3649 doni.

225 3784 258 3838 79
281 3782 386 3837 rnretadli
407 3783 432 3835 A
492 3784 528 3838 80
550 3785 592 3854 ac]
614 3784 664 3837 hac
686 3785 710 3835 (J
748 3784 874 3839 diducere
897 3786 921 3837 (1
942 3783 1072 3837 deducere
1093 3785 1119 3836 A
1179 3786 1210 3837 sl
1232 3784 1280 3838 bac
1295 3804 1336 3853 pn

186 3872 253 3926 baec
275 3872 331 3926 AC
418 3872 453 3925 82
475 3871 532 3926 illic
556 3878 585 3925 et
606 3874 630 3925 (J
708 3873 743 3926 a?
766 3872 885 3927 faemina
903 3874 928 3925 A
976 3876 1006 3925 b't
1026 3875 1051 3925 A
1075 3874 1112 3927 sit
1134 3874 1157 3924 (¹
1199 3890 1289 3943 mense
1309 3874 1335 3926 A

187 3962 222 4013 89
249 3958 377 4030 quicquid
395 3958 451 4011 AO
493 3958 613 4013 maculat
639 3976 689 4013 our.
714 3960 742 4012 A
802 3960 836 4013 96
865 3959 954 4013 uronis
977 3961 1003 4013 A
1068 3959 1101 4013 91
1131 3960 1205 4029 quia]
1233 3975 1285 4029 qua
1308 3964 1334 4013 A

186 4050 222 4101 98
244 4053 308 4118 qnjc
331 4065 364 4103 aar
386 4064 455 4117 quae
474 4049 500 4100 A
565 4047 617 4101 100
641 4048 716 4117 quial
739 4063 808 4117 quae
823 4048 849 4099 A
914 4048 965 4101 101
989 4049 1135 4101 constatA
1176 4047 1299 4101 consistit
1319 4068 1334 4099 a

186 4136 239 4190 102
262 4139 341 4206 sicp
363 4138 387 4190 is
406 4137 461 4189 Au
531 4136 583 4191 103
607 4152 675 4206 quae
694 4137 721 4189 A
767 4136 945 4205 sinagogat'
989 4136 1083 4190 lrnolet
1105 4136 1128 4189 (Γ
1170 4136 1264 4206 hyrcos
1282 4137 1337 4191 At'

186 4226 240 4279 104
258 4228 322 4295 qual
340 4226 387 4295 qni
406 4242 423 4275 π
492 4223 544 4279 105
563 4225 744 4294 peccatumA
809 4224 1048 4294 wopandans
1115 4225 1165 4279 107
1185 4220 1296 4277 comoda
1314 4224 1336 4271 t'
