3167 4975
553 354 718 410 Genesis
745 354 812 414 31‚1·
848 354 912 416 32ρι
1264 358 1306 421 39

167 548 252 611 1020
393 548 464 630 plus
484 546 616 629 species,
635 565 726 629 quam
747 546 811 609 tels
829 551 944 611 nocent
961 546 1189 611 famulantibus
1200 547 1305 612 ermis.

393 651 535 717 discretis
559 652 657 735 igitur
679 652 829 735 gregibus
846 652 929 719 ,haec
952 654 1053 735 prime
1074 654 1204 731 locauit,

393 777 471 841 quse
495 758 610 825 donata
632 758 693 823 sibi
716 758 863 841 dignetur
887 778 1009 823 sumere
1033 760 1137 837 freter,

353 879 371 934 9
394 868 486 947 atque
510 864 605 929 simul
628 864 706 929 flere
729 864 892 930 dominum
915 866 1037 931 ceruice
1059 866 1221 949 poposcit:

397 969 440 1047 „0
466 970 553 1047 deus,
576 970 712 1035 inmensi
734 989 807 1053 spes
831 974 863 1035 et
886 971 1064 1036 substantia
1083 972 1182 1056 regni,

168 1078 254 1141 1025
397 1078 450 1158 qui
474 1077 551 1142 deus
576 1096 609 1141 es
633 1096 755 1158 semper
778 1076 930 1160 genitoris
953 1079 1041 1143 solus
1065 1078 1189 1159 auique,

394 1182 484 1247 cuius
508 1183 545 1246 ab
570 1182 661 1246 esilio
684 1182 805 1246 faciunt
827 1202 878 1247 me
900 1183 989 1248 iussu
1009 1183 1135 1259 reuerti,

393 1288 520 1371 grandia
543 1287 641 1352 ditato
664 1288 799 1371 largitus
822 1289 988 1354 commoda
1011 1307 1103 1354 seruo

337 1409 372 1463 10
395 1393 517 1459 iussisti
539 1394 625 1459 lenta
646 1394 780 1458 fluuium
804 1395 1016 1459 transmittere
1040 1395 1130 1477 uirga

393 1500 618 1581 Iordanemque
641 1502 733 1563 tuum
757 1498 871 1563 humili
893 1501 1105 1565 transmittere
1127 1518 1249 1584 gressu.

165 1608 251 1671 1030
397 1609 429 1671 et
451 1624 533 1670 nunc
557 1605 695 1670 diuiduis
718 1606 819 1669 cernis
842 1624 894 1670 me
918 1606 1030 1689 degere
1054 1606 1176 1684 cestris,

392 1716 429 1776 ut
450 1712 554 1776 uarios
579 1730 671 1777 casus
695 1712 821 1795 gemino
844 1710 1016 1775 munimine
1038 1711 1148 1777 uitem.

333 1834 367 1887 11
393 1818 475 1899 eripe
498 1837 548 1881 me
571 1817 632 1893 his,
651 1818 779 1893 inuicte,
804 1818 897 1881 malis
921 1820 954 1881 et
975 1818 1098 1900 spiculo
1120 1818 1224 1883 fratris

394 1921 524 1988 infracto
547 1923 690 2006 placidus
715 1924 969 2005 quamprimum
993 1924 1220 2003 deomedum,

392 2047 429 2092 ne
452 2030 579 2111 rupidus
603 2029 680 2095 duro
704 2028 796 2092 feriet
818 2048 888 2092 mea
910 2034 1038 2112 pectore
1059 2031 1153 2095 tslo.“

164 2136 251 2199 1035
293 2150 378 2202 13-23
398 2153 469 2219 ergo
493 2136 548 2199 ubi
572 2134 738 2219 conposuit
761 2134 864 2200 socios
888 2154 1078 2218 somnosque
1100 2136 1224 2219 petiuit,

335 2256 371 2307 24
394 2240 567 2303 luctantem
590 2259 736 2323 superare
761 2242 855 2306 deum
878 2241 938 2305 sub
961 2245 1054 2307 nocte
1076 2242 1216 2317 loborat3

340 2362 375 2414 25
398 2346 512 2411 semine
536 2366 607 2411 nam
630 2366 739 2429 presso
763 2347 887 2430 stupuit
909 2366 981 2429 pars
1004 2348 1142 2431 corporis
1165 2349 1231 2415 ille.

394 2470 526 2535 cumque
551 2452 604 2518 diu
628 2452 727 2518 uellet
750 2455 962 2519 membrorum
987 2454 1109 2519 soluere
1134 2471 1231 2520 nexus

393 2558 430 2633 is,
455 2559 509 2641 qui
532 2560 681 2642 pulsaret¹
696 2559 803 2624 ualido
828 2559 997 2624 certamine
1019 2563 1136 2639 netem,

164 2668 255 2731 1040
336 2680 371 2732 26
394 2665 544 2747 praestita
566 2664 732 2729 dimissum
756 2665 902 2730 dominus
925 2655 999 2748 post
1022 2666 1104 2730 done
1124 2666 1256 2732 remisit.

341 2769 520 2840 eonomine
544 2773 666 2834 mutato
689 2771 823 2836 Iacobus
848 2770 964 2836 desinit
986 2790 1066 2847 esse,

392 2895 428 2942 uc
454 2877 643 2954 „Dominum
667 2887 815 2942 cemens“
843 2881 1028 2941 cunctorum
1052 2876 1252 2956 diciturne,

336 2997 370 3051 29
394 3000 489 3047 ausus
513 2983 588 3064 quin
612 2983 706 3047 etium
731 2982 849 3048 domini
873 2983 1052 3047 condiscere
1076 3001 1199 3061 nomen,

395 3107 456 3154 non
478 3089 593 3172 potuit,
618 3088 677 3170 soli
702 3088 785 3169 quod
809 3089 859 3152 ius
884 3093 933 3152 est
955 3107 1049 3153 nosse
1072 3089 1203 3153 tonanti.

163 3198 255 3261 1045
335 3194 459 3277 seipse
482 3196 587 3260 locum
611 3194 737 3259 Domini
762 3194 921 3276 conpellet
942 3195 1067 3259 nomine
1090 3196 1163 3274 uisi,

394 3300 568 3384 contigerat
591 3300 680 3388 cuius
705 3301 857 3364 sublimes
881 3319 1005 3364 cernere
1028 3302 1149 3366 uultus.

338 3421 370 3474 31
396 3409 489 3487 etque
512 3405 568 3469 ubi
592 3424 626 3470 se
651 3405 796 3470 dominus
820 3406 913 3488 pulso
935 3407 997 3470 iem
1022 3411 1114 3472 nocte
1137 3407 1283 3486 remouit,

392 3510 551 3596 egreditur
574 3511 670 3596 longe
694 3514 877 3576 sustentans
902 3513 1031 3595 cuspide
1055 3532 1192 3596 gressus.

200 3687 275 3742 1023
289 3685 424 3740 dominnm
439 3685 506 3738 flens
522 3685 546 3740 0
599 3685 667 3738 1024
681 3686 805 3754 inmensi]
822 3686 846 3740 0
899 3686 966 3738 1025
982 3703 1010 3738 es
1024 3687 1139 3756 semper]
1153 3703 1211 3739 esse
1226 3703 1273 3757 per
1289 3686 1314 3742 0

162 3777 279 3845 auique]
298 3774 427 3844 ceuiquee
449 3774 575 3843 Oeuque
598 3773 622 3826 Θ
696 3773 765 3827 1029
782 3773 878 3826 humili
893 3774 918 3825 A
937 3773 999 3827 ilico
1021 3773 1072 3828 OG
1116 3782 1210 3844 gressu
1228 3775 1311 3841 (leuse

161 3863 280 3932 scirpula
298 3877 378 3929 super
396 3861 469 3928 u)0
522 3859 588 3913 1031
618 3860 713 3930 uitem]
741 3861 860 3915 cosnsG
888 3862 974 3927 (unde
992 3863 1144 3915 Areuolue:
1172 3865 1203 3915 ut
1221 3863 1310 3915 uarios

163 3967 277 4005 cuneum
298 3967 324 4019 g.
343 3966 377 4002 m.
398 3955 483 4015 cesus)
542 3950 609 4002 1034
637 3951 757 4020 pectore]
785 3951 898 4020 pignore
926 3954 974 4015 (ee.
1003 3957 1115 4004 ornnem
1143 3967 1202 4003 crem
1229 3951 1309 4017 filiis)

163 4083 309 4136 Areualw
374 4081 440 4135 1035
455 4082 607 4151 conposuit]
620 4083 648 4135 A
684 4049 820 4135 somme
834 4082 996 4152 sompnosG
1048 4081 1115 4135 1037
1131 4097 1238 4152 preesse
1253 4080 1310 4136 AG

163 4169 272 4240 pssoC
325 4168 394 4222 1040
407 4169 539 4238 praestita
553 4169 691 4222 dimissum
709 4171 758 4224 OG
773 4171 911 4240 praestitit
925 4169 1071 4224 admissum
1084 4169 1112 4222 A
1163 4171 1308 4224 1045101]-

163 4255 306 4327 pellet'1A
363 4257 430 4309 1047
449 4274 477 4310 se
497 4257 629 4326 dominus]
649 4256 695 4310 sed
715 4259 818 4312 nono
