3167 4975
634 350 875 417 Prolcgomena.
1257 349 1326 403 XIII

189 527 226 589 de
255 527 340 606 locis,
364 526 471 608 quiin
495 527 604 589 ceteris
627 525 730 589 Bedae
753 523 843 588 libris
865 525 1077 606 inueniuntm,
1099 526 1138 590 cf.
1156 526 1326 589 Manilium

189 629 422 714 lcpffim

231 734 369 798 Eximius
386 739 491 799 autem
508 739 555 798 est
569 736 656 799 loeus
672 735 703 798 in
719 734 822 798 Bedae
838 735 917 799 libro
931 736 1159 799 retractationis
1182 735 1214 798 in
1238 739 1327 798 actus

190 839 399 921 apostolorum
423 859 448 902 c.
471 837 490 900 9
514 838 566 922 (ef.
588 836 788 923 irrigator
810 859 840 921 p.
860 837 972 922 1016):
996 839 1075 903 liceo
1098 839 1183 903 enim
1206 842 1274 902 orat
1296 842 1329 903 et

190 944 274 1007 uidet
294 944 397 1006 uirum
412 943 570 1007 Ananiam
594 944 720 1007 nomine
743 944 954 1008 introeuntem
977 948 1008 1007 et
1029 943 1244 1026 imponentem
1267 943 1327 1008 sibi

191 1065 311 1111 manus
356 1047 393 1111 In
418 1046 535 1112 Graeco
559 1045 692 1111 habetur
714 1049 772 1112 ita:
802 1046 843 1110 llt
865 1046 946 1110 uidit
975 1047 1007 1111 in
1036 1048 1107 1111 uisu
1130 1048 1244 1126 uirum,
1268 1047 1327 1111 hoc

191 1155 237 1215 est
269 1152 296 1211 ἐν
327 1153 438 1234 ὁράματι
474 1151 550 1235 (eie)
583 1151 666 1233 quod
695 1169 809 1216 nomen
841 1154 872 1216 θῖ
894 1151 1081 1214 quenous
1109 1151 1271 1234 presbyter
1294 1153 1326 1215 in

191 1256 351 1339 euangelio
374 1256 510 1320 carmine
532 1256 638 1339 posuit
661 1256 765 1320 dicens

248 1393 435 1456 Horomatr'a
459 1395 592 1458 huiusce
615 1404 758 1479 creperico
782 1393 908 1458 reddite
930 1404 1059 1456 cunctor
1083 1394 1270 1478 (111340*).

234 1535 334 1598 Etiam
360 1534 622 1599 Gruindmolus
651 1538 699 1598 est
722 1534 943 1614 nominandus
970 1535 1023 1616 qni
1046 1554 1062 1597 e
1085 1533 1171 1598 Beda
1196 1534 1325 1615 pendet:

193 1695 220 1757 p.
242 1673 290 1754 10,
307 1672 367 1736 20*
390 1674 451 1757 (ed.
468 1673 621 1755 Huemer)
645 1671 720 1734 indo
741 1671 869 1735 domurn
889 1671 1022 1757 repedat
1039 1682 1203 1735 tarra-runt
1221 1671 1328 1734 lnrncn

383 1777 471 1839 Iecur
490 1776 617 1861 (1175).

193 1905 221 1966 p.
241 1883 289 1963 16,
306 1883 345 1945 31
378 1881 514 1948 Octauus
543 1883 663 1962 modus,
694 1901 764 1945 cum
796 1886 969 1963 correptam
998 1882 1138 1945 uocalem
1163 1883 1194 1946 in
1218 1883 1328 1946 eadem

192 1992 278 2071 parte
305 1988 452 2052 orationis
481 1987 620 2068 sequitur
643 2007 658 2050 z
682 2004 856 2050 consonans
883 2004 996 2070 graeca
1018 1986 1144 2069 duplam
1173 1992 1220 2051 θεῖ
1244 1987 1328 2051 enim

191 2093 284 2175 longa
307 2093 337 2154 in
360 2092 418 2155 hoc
441 2092 595 2154 quenci

289 2228 427 2314 difficile
451 2228 528 2312 θεῖ’)
553 2229 651 2292 terrio
675 2228 834 2314 adfinem)
858 2229 964 2292 dircite
985 2252 1066 2315 pazo
1089 2230 1152 2312 (ΙΠ
1174 2228 1263 2313 523),

194 2374 240 2433 θεῖ
263 2372 345 2432 enim
370 2369 471 2434 breuis
495 2371 525 2434 in
549 2370 607 2433 hoo
631 2369 784 2433 eiusdem:

283 2508 325 2571 Et
346 2531 426 2594 pazo
450 2506 594 2571 dictabat
617 2529 727 2571 rernm
745 2509 906 2593 possessio
922 2507 1058 2594 fnlpanc
1082 2506 1253 2591 (111499),

192 2670 222 2733 p.
239 2648 290 2729 34,
307 2648 349 2711 26
380 2646 584 2732 inmortalci)
605 2646 693 2709 nihil
715 2646 832 2709 monadi
851 2668 990 2732 oonpapc
1009 2656 1136 2710 tonetnr
1158 2648 1266 2730 (praef.
1287 2647 1328 2732 1).

194 2774 222 2836 p.
238 2752 290 2833 35,
327 2752 348 2815 4
379 2752 518 2835 (nomine
541 2754 673 2816 auctoris
697 2770 758 2817 non
782 2752 915 2835 addito):

379 2854 470 2919 nobis
480 2855 651 2937 certcfldee
660 2865 794 2918 actcrnn
803 2856 827 2939 1)
836 2854 1013 2919 insaecula
1023 2854 1134 2918 landis
1144 2857 1252 2940 (praef.
1265 2856 1328 2939 17).

240 2996 280 3006 -
330 2960 350 3021 6
377 2958 565 3045 pacificari)
597 2959 675 3021 dens
706 2960 741 3022 in
770 2980 942 3022 nnmerum
971 2958 1037 3021 sibi
1061 2957 1171 3045 prolis
1194 2959 1331 3045 adoptat

378 3063 509 3147 (1465).

194 3190 223 3252 p.
240 3168 291 3249 43,
307 3168 350 3232 32
380 3168 508 3231 nominc
523 3168 696 3231 Iohannem
712 3170 797 3232 turre
817 3178 854 3231 tn
876 3169 1023 3232 crocitare
1044 3178 1195 3232 menterno
1218 3169 1248 3252 (Ι
1263 3168 1329 3254 26).

237 3309 321 3373 Inter
349 3309 514 3392 exempla
541 3313 731 3392 poetarum
755 3327 774 3373 a
797 3309 927 3384 diuersis
951 3309 1091 3389 collecta,
1119 3328 1198 3391 quae
1224 3311 1256 3373 in
1280 3327 1331 3372 co·

196 3414 260 3477 dice
284 3414 436 3477 Vaticano
459 3413 536 3495 Reg.
557 3410 621 3475 215
638 3434 661 3475 s.
684 3412 762 3477 VIII
785 3432 831 3477 er.
856 3413 907 3476 uel
930 3412 1025 3476 VlllI
1048 3414 1255 3493 continentur,
1279 3414 1332 3477 Iu-

196 3518 283 3581 uenci
306 3536 416 3581 uersus
440 3518 472 3581 hi
498 3517 645 3599 leguntur
669 3515 720 3598 (cl.
745 3518 867 3600 Peiper,
891 3517 1008 3580 Alcimi
1030 3518 1117 3581 Auiti
1140 3537 1210 3600 opp.
1232 3518 1329 3600 prael.

193 3640 223 3703 p.
240 3621 402 3705 LXVHI):

615 3742 788 3807 rnvnncr
810 3726 910 3807 Prior

194 3867 261 3931 Iam
273 3868 346 3931 licet
356 3866 539 3948 implentem
551 3866 659 3949 gracili
670 3866 814 3947 presepia
830 3884 904 3929 uoce
959 3862 1076 3930 Gricssi
1088 3866 1117 3949 (I
1130 3864 1215 3947 169).

195 3970 412 4053 Atq.animam
421 3970 529 4034 matris
538 3970 619 4034 ferro
628 3969 767 4054 fulgente
777 3970 920 4033 machere
957 3967 1104 4035 Machina
1117 3966 1245 4053 (1212).

239 4214 259 4281 1)
277 4210 395 4267 difficilia
414 4212 491 4266 terris
510 4213 540 4267 F
573 4212 593 4279 2)
612 4215 638 4265 θῖ
655 4210 723 4264 tirus
743 4212 826 4265 EFP
860 4213 880 4281 ³)
898 4211 1086 4267 inmortnloF
1118 4213 1138 4280 ⁴)
1156 4213 1264 4265 aeterna
1276 4212 1335 4267 EF

197 4302 216 4368 ⁵)
233 4298 360 4368 pacificus
379 4300 409 4354 F
