3167 4975
212 288 289 356 '248
720 284 872 338 Hilarii

226 487 290 549 210
359 503 431 548 nam
455 500 673 566 quoscumque
697 483 754 546 tuo
776 477 902 546 iussisti
926 479 1076 544 excedere
1098 498 1197 564 regno

360 590 496 655 saeuitia
518 587 700 664 eomitante,
723 591 816 652 tuum
839 587 945 651 uicere
968 586 1116 662 furorem,

360 716 473 780 nempe
494 701 598 773 tuum,
621 695 759 777 laetique
782 695 914 758 manent
935 692 967 756 iu
991 692 1066 758 sede
1089 691 1224 776 piorum.

360 802 491 868 forsitan
515 802 576 866 hoo
598 803 733 867 mortem
756 799 876 877 credas,
900 799 1018 864 furriose
1041 802 1198 882 tyranne?

360 910 428 974 uita
451 912 501 974 est
521 910 619 992 longa
640 905 744 992 magis
766 925 928 990 regnoque
951 905 1111 990 potentior
1133 907 1207 975 isto.

271 1023 286 1078 ἵ
361 1017 446 1099 quod
467 1016 553 1099 regis
576 1018 610 1080 et
632 1015 724 1079 ouius
748 1011 887 1078 extrema
907 1013 940 1077 in
963 1017 1050 1096 parte
1074 1013 1214 1080 moraris.

361 1123 420 1188 hos
444 1140 570 1204 quoque
594 1121 622 1185 si
644 1120 774 1196 metuis,
799 1123 951 1203 superant
973 1123 1076 1184 aetate
1098 1120 1246 1184 minores

360 1233 604 1312 contemptaque
627 1227 725 1292 simul
747 1226 812 1291 uici
833 1231 891 1290 tua
913 1245 1019 1311 regne,
1044 1227 1196 1310 superbe:

362 1335 418 1400 sed
441 1351 555 1418 perage
577 1333 746 1417 imperium
769 1351 829 1397 nec
851 1335 961 1415 partus
985 1331 1091 1397 diuide
1114 1337 1260 1399 nostros:

361 1442 420 1507 hos
444 1460 569 1524 quoque
593 1439 633 1503 da
654 1437 792 1502 flammis
816 1441 849 1502 et
871 1439 994 1504 uiribus
1017 1443 1106 1503 utere
1129 1439 1228 1524 regni.

253 1555 260 1579 ‘
363 1549 507 1614 mentalis
530 1551 637 1612 tamen
661 1565 705 1623 es,
729 1545 842 1610 necin
866 1563 980 1610 aeuum
1004 1565 1100 1630 regna
1122 1546 1282 1610 tenebis!“

405 1655 551 1738 Concipit
572 1653 751 1718 Antiochus
773 1651 884 1730 furias,
909 1669 1089 1735 saeuusque
1113 1655 1264 1736 tyrannus
1344 1679 1346 1690 ·

361 1764 487 1826 aestuat
508 1765 542 1824 et
564 1759 703 1844 gemitus
726 1758 810 1822 inter
833 1777 891 1823 sua
913 1761 1042 1840 pectore
1064 1758 1178 1823 uoluit.

362 1867 521 1932 consentit
544 1885 616 1930 cum
638 1868 746 1929 mente
768 1865 859 1930 dolor
880 1865 1045 1946 tristisque
1069 1869 1219 1948 grauatae

361 1974 482 2039 attollit
503 1973 616 2037 uultus
639 1975 672 2036 et
693 1972 771 2035 tella
794 1973 891 2036 uerba
915 1971 1098 2054 prolaturz'

365 2080 470 2157 „Haec
492 2084 550 2143 tua
571 2078 702 2142 libertas
726 2081 759 2141 et
781 2075 860 2141 dura
881 2077 1025 2160 potentie
1045 2078 1173 2163 linguae

361 2190 457 2268 atque
480 2185 542 2260 hic,
567 2203 661 2267 quem
684 2183 808 2248 tumide
830 2187 937 2266 portes
962 2185 1084 2250 ceruice
1106 2185 1255 2270 rigorem.

361 2293 487 2369 sentiet,
511 2291 583 2356 irati
605 2290 690 2375 regis
712 2290 789 2373 quid
813 2293 956 2374 tempore
977 2291 1110 2374 possint.

361 2400 388 2463 si
410 2397 550 2464 nondum
574 2417 608 2462 es
631 2397 745 2463 satiata
768 2396 861 2462 malis
886 2400 919 2462 et
941 2397 1058 2482 lingere
1081 2401 1219 2482 temptes

359 2502 516 2570 laetitiam
538 2505 710 2587 luctusque
733 2507 807 2570 tuos
830 2504 861 2568 in
885 2504 1001 2589 gaudie
1024 2506 1137 2570 uentis:

362 2632 422 2677 non
445 2612 577 2676 mutabo
601 2630 730 2687 necem3
753 2610 867 2695 gaude,
890 2611 1019 2690 laetare,
1043 2612 1213 2695 triumphe.

361 2715 533 2783 dummodo
557 2716 604 2782 sic
627 2716 750 2795 uinces,
772 2721 811 2781 ut
832 2718 877 2783 sis
901 2736 1049 2801 supreme
1071 2722 1199 2784 tuomm
1224 2756 1265 2765 —

362 2824 409 2889 sic
431 2823 552 2888 furiose
574 2823 688 2888 animis
711 2827 858 2889 natorum
881 2822 989 2888 funere
1013 2825 1156 2909 gaudet?

358 2931 417 2994 hos
440 2949 566 3012 quoque
590 2929 630 2994 do
653 2929 808 3005 flammis;
832 2930 893 2996 hoc
916 2950 973 2995 neo
996 2934 1118 2996 mutare
1142 2935 1284 3015 potestas

359 3037 427 3101 ulla
449 3040 573 3119 potest;
598 3036 725 3101 decreta
745 3041 875 3101 manent
897 3074 941 3085 -
962 3038 1079 3103 laetare
1104 3042 1275 3123 superstes,

227 3145 291 3208 235
359 3144 443 3207 natis
466 3143 542 3207 orba
563 3144 639 3208 tuis.
663 3146 696 3207 et
718 3162 757 3207 ne
779 3162 850 3208 mea
873 3144 961 3209 iussa
983 3150 1154 3222 morentur,

360 3250 435 3315 ordo
460 3268 536 3315 suos
560 3253 671 3333 pergat
694 3268 816 3317 cursus.
841 3250 1005 3333 producite
1028 3257 1148 3320 netum.

260 3425 312 3478 210
331 3425 389 3493 tuo]
410 3429 471 3477 tuos
485 3422 512 3475 L
602 3424 652 3476 211
675 3423 796 3476 Saeuitiae
815 3424 971 3493 cornitente]
993 3425 1043 3479 Per
1063 3426 1174 3479 stabiles
1195 3430 1331 3499 fortesque
1346 3429 1372 3483 L

223 3512 365 3565 Saeuuitie
383 3510 410 3564 P
438 3528 485 3565 sen
513 3512 581 3565 uitio
599 3515 622 3579 f
716 3512 769 3565 210
797 3512 924 3566 forsitent
946 3512 973 3565 P
1018 3519 1140 3583 tyramne
1164 3516 1191 3569 P
1217 3517 1322 3571 tiraune
1346 3517 1372 3572 L

227 3599 280 3651 216
298 3598 358 3668 lios]
379 3617 428 3652 nos
442 3599 469 3652 B
492 3599 515 3651 si
529 3600 628 3653 metuis
643 3619 663 3653 s.
684 3601 747 3670 eet]
767 3601 890 3655 funestus
910 3620 931 3655 s.
951 3604 997 3671 qui
1016 3607 1106 3657 aetate
1116 3606 1138 3671 s
1189 3604 1240 3658 217
1261 3610 1289 3660 et
1308 3622 1370 3659 cou-

222 3690 328 3757 tempta
351 3687 432 3740 sirnnl
451 3688 477 3739 L
499 3686 528 3739 hi
548 3692 704 3757 contempta
723 3689 804 3742 etiam
826 3690 970 3759 uincents
1038 3692 1090 3745 219
1110 3698 1136 3747 ot
1156 3694 1217 3763 uin]
1237 3699 1265 3749 et
1283 3711 1333 3750 erre.
1352 3696 1376 3762 s

219 3776 273 3828 220
291 3775 429 3828 cuunrOP
443 3780 574 3845 regnante
597 3776 675 3829 nobis
690 3776 719 3829 P
771 3779 821 3831 221
844 3779 1002 3833 antiochus:
1023 3780 1031 3832 i
1048 3798 1080 3833 er
1094 3780 1111 3833 ir
1127 3798 1181 3835 ras.
1198 3782 1370 3836 cormPanti

221 3862 321 3916 oensL
348 3863 508 3917 tirannusL
579 3864 631 3919 227
650 3870 773 3936 temporo
785 3867 813 3920 P
830 3870 951 3938 tempore
970 3868 1018 3923 CB
1036 3870 1173 3923 sententie
1187 3870 1213 3924 L
1231 3871 1344 3927 uerbera
1352 3872 1375 3940 s

218 3950 305 4019 possit
319 3949 346 4001 L
399 3949 452 4002 228
471 3966 500 4003 es
517 3949 542 4003 Ο
557 3956 599 4004 est
613 3951 684 4019 PLs
724 3952 834 4023 satiata]
864 3954 963 4008 uitiata
978 3956 1003 4007 L
1076 3956 1129 4009 229
1157 3958 1293 4013 laeticiam
1318 3959 1370 4012 CB

217 4036 316 4107 luctus}
337 4039 431 4091 uoltus
446 4037 472 4090 L
508 4044 601 4092 uertm
616 4039 652 4092 L¹
762 4042 815 4097 230
834 4046 910 4097 mute
928 4042 996 4097 bene
1016 4061 1073 4098 esse
1083 4049 1106 4113 s
1192 4046 1244 4101 232
1263 4054 1342 4102 natos
1351 4051 1374 4117 f

217 4124 311 4179 funere
349 4143 381 4179 ec
416 4142 526 4180 nrunere
555 4131 581 4193 (e
614 4134 679 4197 post
705 4146 719 4181 r
747 4132 776 4181 ire
805 4138 870 4192 ros.)
901 4132 926 4184 L
964 4132 1064 4202 gaudet
1093 4132 1192 4203 Palas
1216 4136 1317 4199 ‚caudes
1349 4138 1373 4190 G

219 4212 272 4266 236
291 4214 397 4283 pergat]
415 4220 530 4284 peragat
544 4216 696 4271 Sr'cdardua
716 4217 775 4282 (La
785 4220 838 4285 sio
877 4221 993 4273 rratusB
