3167 4975
599 366 788 436 Cypriani
816 364 1110 435 heptateuchos

384 542 386 549 Α
429 576 463 627 29
487 560 609 624 eminus
632 561 800 636 Abramus
823 560 955 623 memori
978 577 1050 623 eum
1073 561 1199 640 pectore
1220 560 1357 621 tractans

484 664 516 727 in
540 664 645 729 uerbis
669 663 787 728 domini
810 682 982 745 numquam
1005 680 1040 727 se
1067 662 1236 744 adiungere
1263 660 1425 725 mendum.

429 784 463 839 30
488 789 546 835 nee
568 770 673 834 minus
699 773 730 833 et
752 769 858 833 Lodns
881 772 952 833 tuta
975 770 1146 851 conpostus
1168 768 1200 831 in
1225 768 1297 829 aula

486 876 624 941 solamen
648 878 756 939 tenero
779 876 862 939 natis
885 876 1065 957 praestabat
1087 892 1202 947 amore,

428 996 459 1049 31
487 1000 566 1063 quae
591 982 658 1045 sine
682 981 870 1064 coniugibus
893 980 1065 1061 nequibant
1087 979 1177 1043 edere
1200 980 1328 1061 prolem.

483 1087 551 1164 hae,
577 1106 648 1151 curn
671 1087 887 1169 perspicerent
909 1088 1070 1150 sublatum
1094 1086 1243 1169 germinis
1267 1102 1360 1150 usum

482 1197 721 1274 matemnmquo
745 1192 842 1257 decus
866 1194 933 1257 solo
957 1192 1099 1275 genitore
1121 1192 1241 1268 relicto,

426 1312 461 1365 32
485 1302 666 1381 conponunt
687 1299 798 1380 epulas
822 1316 858 1362 ao
881 1300 1031 1380 promunt
1052 1297 1127 1360 uina
1148 1296 1280 1379 parenti,

483 1404 610 1468 nescius
634 1407 673 1467 ut
694 1404 833 1467 uetitum
854 1406 998 1467 natarum
1022 1404 1166 1466 nosceret
1189 1421 1292 1466 nsum.

481 1526 539 1572 neo
561 1528 657 1585 mora,
682 1508 825 1573 femineis
850 1508 1023 1574 concrescit
1046 1508 1167 1573 sarcina
1189 1507 1276 1571 fibris

425 1628 457 1681 37
483 1616 515 1677 et
537 1614 628 1696 parili
652 1615 813 1677 ambarum
838 1615 949 1678 uitalia
971 1614 1081 1679 fomite
1105 1616 1243 1696 turgent.

480 1719 581 1800 prima
604 1723 690 1782 creat
711 1739 843 1801 puerum
867 1720 968 1802 patrio
992 1737 1136 1784 sermone
1158 1718 1318 1794 Moabum

423 1838 456 1891 38
482 1824 581 1887 altera
604 1823 781 1907 disparibus
806 1826 995 1889 Ammanum
1019 1827 1180 1906 nuncupat
1203 1823 1292 1888 orsis.

480 1928 530 1992 hic
554 1931 643 2012 pater
665 1931 861 2006 Ammorum,
885 1931 1009 2014 genitor
1029 1929 1224 1994 Moabitibus
1247 1930 1302 1993 ille
1326 1934 1383 1997 est.

280 2032 400 2097 68020
443 2050 455 2102 1
525 2034 648 2099 Interea
672 2036 794 2099 excedit
816 2037 928 2119 positis
954 2036 990 2099 de
1015 2035 1143 2100 sedibus
1166 2035 1283 2098 Abram

479 2142 511 2203 et
535 2139 686 2204 (terarum
710 2140 749 2204 ad
773 2146 871 2206 terras
896 2141 982 2206 socia
1005 2160 1077 2205 cum
1101 2141 1234 2223 coniuge
1256 2140 1378 2205 transit.

439 2261 455 2312 ‘r
479 2246 530 2309 hio
552 2246 777 2311 Abimelechus
802 2247 930 2330 cupiens
955 2247 1112 2311 consortia
1135 2246 1243 2311 Sarrae

477 2350 626 2433 principis
650 2353 776 2417 arbitrio
801 2350 995 2436 (germanam
1018 2371 1091 2415 nam
1114 2351 1179 2417 fore
1202 2356 1292 2417 uates

479 2456 598 2522 dixerat
621 2458 762 2536 eximius,
787 2458 926 2522 fraudem
951 2477 990 2523 ne
1013 2458 1113 2523 forma
1134 2462 1258 2541 pararet

274 2557 343 2630 685
478 2562 624 2645 coniugis
647 2563 792 2638 innocuo,
818 2565 933 2628 riuales
957 2565 1033 2628 dum
1057 2568 1149 2629 canet
1171 2565 1247 2650 iras)

440 2685 456 2738 a
480 2687 536 2733 nee
559 2672 664 2733 tamen
688 2669 809 2733 enaiuit
831 2669 946 2734 ualidis
969 2669 1140 2735 terroribus
1164 2673 1264 2745 aetus,

476 2775 529 2857 qui
553 2778 691 2838 mentem
715 2775 875 2850 adficiunt,
900 2777 1046 2858 quotiens
1065 2795 1213 2858 peruersa
1230 2776 1328 2842 libido
1348 2781 1418 2842 est:

478 2899 550 2943 nam
574 2880 652 2944 deus
675 2880 807 2945 inmisso
832 2882 925 2946 torsit
946 2882 1057 2946 lictore
1080 2886 1257 2964 tyrannum,

477 2984 531 3065 qui
556 3002 627 3048 cum
652 2985 787 3050 terrifico
811 2987 950 3068 rupisset
973 2986 1095 3051 somnia
1119 2986 1202 3063 nisu,

273 3085 342 3155 690
437 3106 453 3159 9
477 3093 677 3174 prosequitur
700 3092 842 3174 trepidus
866 3095 973 3157 uatem
995 3093 1047 3156 uir
1070 3094 1176 3157 mente
1198 3113 1335 3172 reuerso,

476 3195 527 3259 cui
551 3195 642 3261 Sarra
665 3197 708 3262 sit
732 3196 816 3260 dicta
838 3215 935 3274 soror,
960 3216 1017 3262 ceu
1042 3199 1130 3262 nulla
1152 3197 1257 3261 mariti

474 3301 580 3366 uincla
602 3302 703 3385 ligent
721 3305 861 3384 nuptam,
886 3321 964 3384 quae
988 3304 1031 3367 sit
1050 3303 1217 3368 coniuncta
1234 3303 1417 3386 prophetae.

420 3423 451 3474 12
474 3407 529 3471 ille
554 3407 647 3471 docet
671 3425 781 3472 causas
806 3425 937 3489 seseque
961 3427 979 3471 a
1002 3408 1130 3472 erimine
1153 3411 1278 3491 purgat,

310 3561 362 3614 667
380 3561 516 3631 mendum]
535 3562 640 3616 rbdaciu
660 3563 682 3616 0
734 3563 786 3615 608
805 3563 959 3632 conpostius
980 3566 1002 3615 Α
1023 3567 1175 3632 compostus
1195 3564 1220 3617 G
1239 3563 1375 3633 adpositus
1395 3563 1421 3618 0

276 3649 328 3703 670
356 3649 486 3703 adereC
539 3651 591 3704 673
619 3653 747 3720 promunt
765 3649 791 3702 G
845 3651 896 3702 676
925 3649 1029 3719 fomite]
1048 3651 1145 3703 sumite
1165 3652 1190 3703 G
1244 3651 1418 3704 67801111ηο-

275 3753 339 3789 num
355 3740 379 3790 A
435 3737 486 3790 679
501 3739 692 3791 ammonumG
748 3737 800 3789 680
814 3736 917 3789 sidibus
936 3739 960 3789 G
1015 3738 1064 3791 681
1082 3755 1203 3806 gerarum
1219 3741 1242 3792 C
1254 3755 1372 3808 gererem
1390 3738 1419 3792 G

275 3829 477 3894 generarumA
541 3825 592 3878 683
612 3825 745 3895 principes
765 3825 813 3878 CG
855 3824 960 3878 arbitrii
984 3827 1021 3880 6¹
1062 3827 1133 3879 uatis
1153 3847 1175 3878 ω
1238 3827 1291 3880 685
1308 3827 1419 3881 innocui

277 3913 416 3966 arecalco
470 3913 521 3967 686
541 3930 580 3967 arr
598 3931 651 3967 non
670 3913 779 3967 tamen?
817 3913 921 3966 cualnit
939 3914 990 3967 AC
1011 3914 1099 3967 ualuit
1121 3915 1146 3966 G
1200 3915 1252 3968 687
1272 3914 1376 3984 quoties
1396 3915 1421 3967 0

276 3999 328 4054 688
345 3999 456 4053 inmisso
477 4002 528 4055 AC
588 4019 615 4056 re.
636 4002 687 4055 689
701 4008 766 4068 port
785 4001 836 4054 700
850 4001 959 4069 perires
978 4003 1011 4067 G,
1030 4001 1080 4055 hoo
1099 4003 1157 4056 loro
1177 4002 1227 4055 Ac
1269 4001 1373 4055 sumnia
1391 4002 1418 4052 G

276 4087 325 4140 691
347 4088 400 4156 cui]
419 4105 466 4142 cur
483 4089 641 4143 Martenses
687 4105 761 4142 sacre
780 4091 806 4143 G
850 4090 952 4158 mariti]
970 4090 1069 4143 meritu
1089 4092 1125 4144 (1'1
1145 4089 1241 4142 marito
1260 4087 1420 4141 Mortmiur

277 4175 328 4228 692
348 4177 427 4245 qnae]
446 4194 505 4231 eum
520 4177 677 4233 Mardonius
713 4177 806 4230 sintG
843 4179 985 4233 diunctdC
1020 4179 1180 4250 profetaeG
1230 4178 1281 4232 693
1294 4180 1418 4246 seseque}

278 4279 329 4332 que
347 4282 398 4318 om.
419 4269 442 4318 (ι’
