3167 4975
650 396 900 451 Prooemium.
1295 388 1374 453 XIII

164 566 284 619 Genesis
311 534 313 539 Ι
361 572 413 622 1-
433 570 485 623 324
504 572 528 621 A
552 570 577 623 G
599 572 622 623 U
797 573 1021 629 Deuteronomius
1071 578 1176 632 1-284
1196 582 1222 632 A
1249 580 1321 633 BC

325 657 414 711 325-
433 660 486 713 378
504 662 530 711 A
549 688 579 699 -
599 664 622 713 C
1041 666 1181 721 uun-ooo
1201 670 1227 721 A
1246 670 1274 721 B
1290 700 1322 707 -

323 747 483 801 376-1183
503 750 529 801 A
552 750 576 802 G
599 752 622 801 (¹
802 750 865 803 lesu
883 749 959 803 Neue
1076 754 1180 808 1-146
1199 760 1225 807 A
1244 756 1272 809 B
1287 786 1321 797 -

305 836 483 891 mol-1498
503 840 528 891 A
550 839 624 891 G-
1044 842 1102 893 147-
1114 842 1183 898 -363
1202 844 1229 895 A
1247 844 1275 897 Β
1296 845 1319 897 C

163 920 278 975 Euodus
359 928 409 975 l—
428 927 482 980 293
501 928 527 979 A
548 958 577 965 —
595 958 628 967 —
1037 930 1179 985 eol-547
1200 934 1226 985 A
1245 935 1273 985 Β
1288 965 1320 972 -

324 1012 483 1069 294-1333
502 1018 526 1067 A
547 1047 580 1057 -
603 1018 626 1069 C
1040 1020 1182 1074 548-586
1201 1024 1227 1075 A
1247 1022 1274 1075 B
1296 1024 1319 1075 C

161 1100 308 1157 Leuitiens
360 1104 412 1155 1-
431 1109 482 1161 262
503 1110 527 1161 ,l
548 1140 580 1150 -
604 1110 627 1163 0
798 1104 920 1159 lodicum
1077 1109 1127 1159 l-
1164 1111 1226 1163 9A
1245 1111 1272 1163 Β
1293 1112 1317 1165 0

321 1194 406 1249 263-
429 1198 481 1251 309
501 1200 527 1251 A
550 1201 577 1253 Β
599 1200 622 1254 0
1061 1198 1274 1251 10-69--
1295 1202 1317 1253 l·

165 1280 287 1335 Numeri
362 1285 414 1338 1-
451 1288 485 1341 62
506 1290 577 1341 AB
599 1290 622 1343 0
1061 1288 1184 1340 70-506
1198 1290 1225 1339 A
1244 1289 1272 1341 B
1294 1289 1318 1341 0

345 1375 416 1427 63-
436 1378 487 1429 172
506 1380 532 1429 A
549 1410 580 1417 -
601 1380 624 1433 0
1046 1374 1188 1427 oon-770
1203 1378 1229 1427 A
1248 1376 1275 1428 B
1286 1409 1319 1415 -

330 1465 416 1517 173-
436 1466 488 1519 228
509 1472 534 1520 A
553 1468 579 1521 B
599 1472 621 1517 (t
1049 1462 1099 1515 771
1120 1479 1178 1533 sqq·
1196 1496 1227 1502 -
1241 1496 1274 1503 ”
1286 1496 1319 1503 -

330 1554 418 1607 229-
438 1557 490 1611 284
508 1560 534 1609 A
550 1591 582 1597 —
602 1560 624 1612 0

328 1642 416 1696 285-
436 1644 487 1698 778
507 1648 533 1699 A
551 1646 578 1699 B
600 1648 623 1699 (J

258 1860 303 1923 Ex
337 1860 386 1924 his
419 1860 520 1925 tribus
544 1860 633 1924 libris
652 1880 762 1943 parum
787 1860 955 1945 diligenter
973 1865 1107 1929 enotatis
1127 1866 1158 1932 J.
1176 1868 1213 1929 B.
1229 1866 1366 1934 Pitra.

163 1966 312 2048 proditor
333 1966 442 2049 potius
471 1985 564 2048 quam
598 1967 700 2032 editor
732 1967 879 2051 Cypriani
910 1968 1063 2035 dicendus
1096 1970 1181 2057 (nam
1217 1973 1302 2054 quod
1333 1974 1365 2038 in

162 2071 302 2156 Rigaltii
311 2074 472 2138 licentiam
483 2075 516 2137 et
525 2074 756 2157 neglegentiam
770 2074 904 2138 iactauit
921 2076 1064 2146 uerbum.
1083 2079 1115 2142 in
1132 2079 1238 2161 ipsum
1254 2083 1361 2145 auoto-

162 2198 234 2243 rem
249 2178 377 2263 recidit)
394 2180 527 2245 Genesis
543 2201 609 2262 cap.
626 2182 718 2244 VIlll
731 2181 875 2246 Exodnm
891 2183 1018 2246 losunm
1034 2185 1152 2248 seleote
1172 2204 1207 2248 ex
1218 2184 1365 2251 Leuitico

162 2287 318 2351 Numerio
365 2287 613 2353 Deuteronomio
651 2288 827 2372 fragmenta
858 2290 959 2354 edidit
995 2288 1027 2354 in
1060 2292 1224 2376 Spieilegii
1259 2292 1364 2358 Soles·

163 2394 290 2458 mensis
312 2396 400 2460 tomo
423 2392 468 2479 1¹)
491 2416 521 2479 p.
549 2396 723 2460 171-258
757 2395 828 2460 add.
861 2417 891 2479 p.
926 2398 990 2461 569
1022 2416 1080 2479 sq,
1114 2399 1187 2463 libri
1215 2398 1362 2463 ludioum

160 2504 287 2567 laceras
310 2505 437 2567 tantum
460 2503 592 2586 paginas
629 2523 702 2568 oum
732 2503 927 2588 imaginibus
958 2505 1104 2570 eodioum
1136 2526 1247 2588 pamm
1282 2507 1363 2571 seito

160 2609 259 2674 factis
284 2609 323 2674 ad
347 2612 498 2691 quattuor
519 2610 665 2674 ludioum
689 2630 803 2676 uersus
826 2612 968 2676 exhibuit
989 2633 1128 2695 prooem.
1153 2634 1183 2695 p.
1208 2612 1360 2676 XXXVII

162 2737 213 2798 sq.
237 2719 272 2780 et
293 2716 412 2782 tabula.
437 2718 539 2782 multo
562 2721 637 2801 post
658 2721 761 2781 totum
793 2719 909 2782 librum
940 2719 1086 2783 lodicum
1114 2739 1188 2784 oum
1217 2720 1361 2802 partibus

162 2823 311 2898 Leuitioi,
335 2823 477 2890 Numeri.
499 2825 735 2889 Deuteronomii
757 2829 848 2890 enteu
871 2826 998 2890 omissis
1030 2826 1061 2889 in
1087 2825 1261 2910 spicilegio
1298 2845 1361 2890 non

163 2931 283 2994 maiore
295 2949 368 2994 oum
379 2930 544 3014 diligentia
553 2931 639 3014 typis
649 2930 782 2995 exscribi
789 2931 885 2996 iussit
903 2931 934 2996 in
944 2930 1179 2998 Aneedotornm
1199 2951 1361 2998 saeuorum

160 3043 252 3103 tomo
287 3035 343 3122 ps)
371 3057 401 3120 p.
439 3039 499 3102 181
535 3057 601 3120 sqq.
630 3037 812 3121 praemissis
839 3037 913 3102 libri
944 3039 1163 3104 Laudunensis
1201 3038 1265 3103 279
1299 3037 1359 3122 (A)

160 3142 357 3209 lectionibus
395 3143 434 3206 ad
472 3143 620 3213 Genesin.
658 3163 737 3226 quae
780 3145 885 3208 omnia
925 3147 1046 3210 scatent
1094 3145 1252 3210 erroribus
1295 3148 1360 3208 tur·

158 3270 317 3336 p1ss1m1s.

276 3567 427 3633 Omnium
450 3569 601 3633 librorum
619 3571 800 3634 nostrorum
819 3587 902 3633 unus
921 3572 972 3632 est
988 3568 1135 3651 idemque
1156 3567 1359 3652 archetypus,

158 3675 195 3740 id
233 3675 317 3758 quod
355 3694 540 3741 communes
571 3677 703 3740 lacunae
735 3677 767 3739 et
798 3675 878 3738 uitio
908 3675 1053 3757 produnt,
1091 3675 1230 3739 maxime
1268 3675 1359 3740 initia

158 3782 336 3848 multorum
369 3801 521 3847 uersuum
552 3783 585 3846 in
607 3781 754 3847 ludioum
776 3781 856 3846 libro
881 3782 1057 3864 absumpta,
1083 3783 1115 3846 et
1138 3783 1222 3864 quod
1249 3785 1359 3846 carent

160 3889 222 3964 eis,
234 3907 313 3970 quae
336 3893 411 3973 post
433 3887 579 3954 ludioum
603 3909 634 3953 u.
657 3890 720 3954 7oo
745 3888 821 3954 olim
844 3889 1066 3971 sequebantur.

255 4109 273 4176 ¹)
299 4107 475 4179 spicilegium
494 4107 662 4163 Solesmense
680 4106 859 4178 complectens
878 4105 1036 4160 Sanctorum
1053 4104 1165 4160 Pelium
1180 4105 1358 4176 Scriptorum·

158 4212 216 4267 que
235 4197 459 4253 ecclesiaticorum
483 4195 616 4252 anecdota
638 4197 767 4250 ismenus
792 4212 873 4266 opere
891 4238 897 4248 .
918 4235 924 4248 .
944 4237 950 4249 .
970 4213 1023 4250 our.
1047 4194 1144 4248 domno
1170 4194 1191 4248 l.
1215 4193 1247 4248 B.
1271 4193 1358 4248 Pitre.

156 4291 262 4344 Tomus
280 4295 292 4348 l
311 4287 425 4344 Perisiie
449 4288 525 4345 1852.

253 4380 273 4450 ²)
300 4381 438 4437 Anecdotn
463 4395 538 4434 saona
560 4383 625 4434 tom.
644 4377 668 4433 V
687 4397 720 4424 =
739 4377 869 4430 Analecta
883 4391 957 4429 suero
972 4376 1000 4428 et
1018 4371 1137 4427 classica.
1156 4369 1258 4425 nomn
1278 4369 1356 4424 1888.
