3167 4975
647 354 888 424 Prolegonaena
1285 355 1339 409 VII

201 527 360 592 historiam
383 527 512 592 Domini
535 527 704 596 Saluatoris
732 530 877 594 uersibus
904 530 1069 612 explioanit
1094 549 1153 594 neo
1178 530 1340 613 pertimuit

201 632 355 715 euangelii
377 633 575 697 maiestatem
598 634 655 698 sub
677 636 769 700 metri
785 636 871 718 leges
887 634 1037 708 mittere‘3
1062 636 1158 699 etiam
1173 637 1205 699 in
1218 635 1338 700 Comm

200 853 303 910 Florus
321 855 363 909 uir
380 856 430 910 iste
442 856 608 926 temporibus
621 857 790 913 Constantini
802 857 939 927 principis.
958 856 1062 912 Videtis
1074 859 1183 927 quidem
1196 859 1261 924 ista;
1279 876 1340 914 neo-

201 940 265 995 dum
282 941 334 996 ista
351 941 500 1012 adoptionis
512 943 556 997 uel
568 943 774 1013 nuncupationis
786 944 901 998 haeresis
914 944 942 998 in
954 944 1085 1013 Hispania
1096 944 1155 1000 fuit.
1180 945 1237 1000 sut
1247 947 1340 1012 istum,

201 1028 245 1096 qui
262 1028 333 1097 apud
355 1045 403 1082 uos
422 1029 591 1084 doctissimus
610 1034 696 1085 exstat
714 1031 851 1099 magister,
872 1032 1036 1085 haereticum
1060 1031 1183 1096 iudicate,
1206 1032 1253 1102 qui
1274 1032 1341 1087 dieii

200 1113 269 1168 huno
287 1116 374 1169 Deum
392 1133 449 1170 esse
466 1121 493 1170 et
510 1117 648 1187 proprium
667 1117 753 1172 filium
772 1119 831 1182 Dei,
850 1119 896 1186 qui
914 1135 944 1172 ex
956 1118 1066 1188 VirgIne
1084 1123 1164 1173 natus
1181 1123 1234 1183 est;
1252 1123 1300 1174 aut
1317 1120 1339 1174 si

200 1199 275 1256 illum
294 1202 409 1272 recipere
427 1203 518 1268 uultis,
537 1207 655 1258 uestram
674 1205 834 1258 sententiam
854 1204 987 1269 damnate,
1006 1206 1049 1258 nel
1067 1206 1153 1274 magis
1172 1206 1297 1274 porrigite
1309 1222 1340 1259 ex

199 1288 255 1342 eius
267 1305 353 1353 sensu,
373 1293 549 1345 consentanea
567 1291 612 1360 qui
630 1291 732 1361 profert
744 1292 899 1346 testimonis
911 1293 1010 1346 sanetis
1022 1292 1155 1357 Patribus,
1169 1293 1215 1361 qui
1228 1293 1340 1347 diuersis

201 1375 294 1430 mundi
312 1377 477 1446 temporibus
494 1395 541 1448 per
559 1377 664 1447 singula
681 1379 830 1433 floruerunt
845 1379 911 1432 loos.

242 1463 445 1533 Proculphus
454 1464 592 1535 episeopus
601 1465 772 1519 Lemniensis
781 1465 811 1519 in
821 1465 952 1522 Chroniou
965 1466 1009 1534 (of.
1019 1467 1102 1534 hlign.
1112 1468 1132 1521 t.
1144 1469 1237 1536 106,p.
1249 1467 1339 1536 1201):

200 1549 331 1604 quenous
353 1549 514 1605 nobilissimi
536 1551 639 1621 generis
657 1552 792 1621 Hispanus
811 1551 949 1622 presbyter
971 1556 1086 1621 quatuor
1103 1552 1241 1622 euangelia
1260 1554 1339 1608 hexa-

201 1637 292 1691 metris
310 1637 431 1692 uersibus
453 1655 520 1708 pene
543 1637 576 1692 ad
596 1638 707 1693 uerbum
725 1640 888 1693 transferens
912 1643 1027 1708 quatuor
1044 1639 1127 1694 libros
1145 1640 1295 1709 composuit
1312 1643 1340 1694 et

201 1723 327 1778 nonnulla
345 1724 438 1779 eodem
456 1727 542 1780 metro
560 1725 594 1779 ad
607 1727 834 1780 sacramentorum
847 1725 967 1780 ordinem
979 1726 1148 1796 pertinentia.
1167 1725 1273 1781 l'loruit
1289 1725 1339 1780 sub

201 1809 376 1866 Constantino
394 1813 521 1882 principe.

242 1897 309 1952 hdo
322 1897 518 1953 Viennensis
536 1900 565 1953 in
583 1901 707 1955 uhronioo
726 1901 775 1955 sub
789 1901 965 1957 Constantino
983 1900 1028 1970 (ef.
1041 1901 1125 1970 llign
1138 1903 1157 1956 t
1172 1903 1231 1966 128,
1243 1917 1268 1970 p.
1282 1900 1339 1970 92):

200 1983 291 2039 Retius
309 1983 558 2054 Augustodunausis
581 1987 718 2057 episeopus
741 1987 926 2042 celeberrimae
952 1988 1038 2041 famae
1061 1987 1176 2042 habetur
1197 1991 1224 2041 et
1242 1988 1340 2042 quen-

201 2087 246 2124 uus
267 2071 405 2142 presbyter
423 2072 559 2142 Hispanus
581 2073 627 2143 qui
648 2074 808 2129 hexametris
827 2075 947 2129 uersibus
970 2079 1085 2143 quatuor
1107 2073 1190 2129 libros
1208 2074 1340 2144 euangelii

202 2159 356 2228 composuit.

243 2245 334 2316 Ilugo
353 2247 618 2316 Trimbergensis
641 2247 685 2317 (of.
704 2249 860 2318 Registrum
883 2248 1030 2304 multorum
1049 2252 1189 2302 auctorum
1210 2265 1235 2302 u.
1253 2252 1306 2306 408
1319 2267 1339 2302 s.

201 2331 241 2386 ed.
259 2332 399 2404 Husmer):

442 2420 583 2492 quentas,
602 2422 770 2491 euangelious
789 2423 869 2476 etiam
888 2428 973 2492 poeta,

444 2509 569 2577 Sequitur
587 2509 725 2564 Sedulium
744 2510 793 2564 sub
812 2510 899 2578 equali
919 2514 998 2573 meta,

442 2595 527 2661 Quem
546 2600 574 2650 et
591 2598 619 2649 in
638 2596 757 2664 catalogo
775 2596 925 2650 ieronimus
942 2596 1064 2650 laudauit

443 2682 478 2736 Et
496 2682 528 2736 de
546 2682 711 2751 breuiloquio
730 2683 795 2736 satis
813 2682 1019 2737 commendauit

443 2769 556 2839 Scripsit
574 2770 616 2823 hio
634 2770 662 2823 iu
681 2772 802 2839 tempore
820 2770 889 2838 regis
908 2769 1077 2825 Constantini

444 2856 495 2923 Qui
513 2859 540 2910 et
558 2856 644 2911 oultor
662 2856 765 2910 exstitit
782 2856 869 2925 operis
888 2855 985 2909 diuini:

443 2946 592 3001 Inmortule
608 2945 652 2999 nil
669 2945 765 2999 mamus·
783 2961 903 3014 ooupupe
920 2950 1030 3007 maor,

444 3032 511 3089 Nou
528 3050 608 3099 mure,
627 3050 683 3089 aaa
700 3033 786 3099 tellus,
805 3049 861 3087 auu
878 3034 958 3101 ipueu
975 3032 1068 3086 sidau
1085 3032 1134 3087 oeli
1149 3032 1154 3096 1
1170 3031 1278 3085 Num..

244 3168 669 3239 ConradusHirsaugiensis
686 3170 715 3224 in
728 3168 832 3237 dialogo
846 3184 925 3238 super
933 3172 1054 3223 auctores
1063 3186 1090 3239 p.
1100 3172 1133 3225 41
1146 3168 1340 3239 (ed.Suhepss):

204 3295 218 3319 ‚.
238 3300 243 3311 .
263 3300 269 3311 .
288 3256 352 3311 nuit
374 3258 465 3311 suetor
487 3256 557 3311 idam
581 3256 745 3326 temporibus
764 3256 933 3311 Constantini
951 3256 1086 3325 principis,
1109 3255 1245 3325 Hispanus
1267 3255 1339 3309 idem

203 3346 229 3397 et
247 3342 407 3399 nobilissimi
424 3344 537 3413 generis,
555 3343 695 3397 exametris
713 3342 835 3396 uersibus
853 3346 966 3411 quatuor
977 3341 1059 3396 libros
1072 3342 1105 3395 de
1116 3341 1261 3410 euangeliis
1272 3358 1339 3411 pene

202 3430 313 3485 uerbum
337 3430 371 3485 ud
393 3432 506 3485 uerbum
529 3430 691 3485 transferens
714 3433 741 3483 et
762 3428 892 3485 nonnulla
913 3429 1005 3483 eodem
1028 3433 1114 3483 metro
1136 3429 1170 3481 ad
1191 3444 1339 3482 sacramen·

203 3520 291 3572 torum
309 3518 429 3572 ordinem
447 3518 622 3588 pertinentia‘.

245 3604 410 3659 Honorius
432 3604 746 3673 Augustodunenses
769 3603 801 3657 de
824 3603 915 3673 seript.
932 3603 994 3657 eeul.
1012 3602 1026 3655 Ι
1044 3619 1065 3657 o.
1084 3606 1117 3659 85
1136 3601 1186 3670 (ed.
1202 3600 1339 3655 Fabricius

202 3708 227 3761 p.
241 3692 296 3759 78):
314 3691 447 3745 quenuus
466 3690 626 3745 nobilissimi
644 3690 748 3759 generis
760 3690 897 3759 Hispanus
914 3688 1053 3758 presbyter
1072 3692 1185 3756 quatuor
1202 3687 1340 3755 euangelia

201 3778 362 3833 hexametris
381 3779 501 3832 uersibus
520 3780 633 3845 quatuor
649 3776 726 3831 libris
744 3776 894 3846 composuit
912 3780 939 3830 et
957 3774 1085 3829 nonnulla
1103 3774 1195 3828 eodem
1208 3777 1292 3827 metro
1306 3773 1339 3827 ad

203 3869 429 3919 sacramentorum
448 3864 568 3919 ordinem
586 3863 754 3933 pertinentia.
774 3863 879 3917 Floruit
897 3862 946 3916 sub
965 3862 1148 3916 Constantino.

244 3951 407 4005 Iohannes
431 3950 634 4005 Trithemius
663 3950 694 4003 de
719 3950 808 4019 soript.
833 3950 895 4004 eool.
920 3965 941 4003 o.
965 3952 1010 4004 62:
1042 3948 1175 4002 quenous
1200 3945 1338 4015 presbiter,

203 4039 308 4092 ustione
327 4038 471 4107 Hispanus,
489 4039 532 4092 uir
550 4037 646 4091 nobilis
665 4041 743 4105 atque
763 4037 933 4090 doctissimus
946 4036 1126 4104 philosophus,
1145 4038 1230 4102 poeta,
1250 4033 1340 4086 rhetor

203 4129 230 4179 at
246 4124 385 4194 theologus
409 4124 520 4193 insignis
544 4127 571 4177 et
593 4139 646 4177 nou
669 4125 758 4177 minus
777 4123 977 4176 conuersatione
995 4138 1075 4190 quam
1093 4121 1203 4174 seientia
1225 4120 1339 4188 seriptu-

203 4227 292 4266 rarum
310 4211 433 4266 eoolesiae
453 4208 619 4275 uenerabilis,
642 4209 727 4264 edidit
744 4226 792 4278 pro
811 4208 993 4263 aedificatione
1012 4208 1158 4275 legentium
1179 4210 1236 4260 tam
1254 4210 1339 4259 metro

203 4313 281 4367 quam
300 4314 378 4368 prosa
396 4298 481 4352 multa
499 4296 634 4366 praeclara
646 4295 791 4360 uolumina,
810 4296 857 4349 sed
868 4312 953 4365 panos
965 4310 1057 4348 eorum
1069 4292 1102 4346 ad
1116 4292 1239 4346 notitiam
1252 4309 1338 4346 meam
