3167 4975
708 324 912 377 Victorini

362 518 417 582 sed
441 501 628 600 qrraourrqrre
652 521 757 582 tamen
781 520 890 600 potero
915 517 1030 583 solatia
1051 517 1197 581 mittans:

362 643 457 707 perne
481 643 569 707 puer.
594 624 772 706 tenerisque
796 623 862 688 tuis
884 622 963 687 mihi
987 622 1109 688 charior
1132 625 1232 690 annis.

361 731 540 796 chariores
564 750 671 815 regno.
696 730 763 794 uita
787 747 912 812 qnoque
936 729 1060 794 charior
1081 729 1160 812 ipsa.

359 841 394 901 tu
418 840 509 920 potes
533 838 564 900 in
588 839 692 901 toturn
716 835 881 899 uictricem
905 833 1033 899 reddere
1057 837 1201 902 matrem.

358 947 394 1008 tu
419 944 489 1008 linis
512 947 633 1027 partus.
658 943 791 1024 finisque
815 943 921 1006 future
945 942 1111 1019 malorum,

357 1050 384 1115 si
407 1055 439 1114 te
465 1069 539 1115 euro
562 1050 625 1114 mei
649 1051 761 1134 tangit.
787 1049 815 1114 si
838 1049 948 1113 matris
973 1049 1102 1113 odorem

227 1165 233 1179 ·
274 1160 286 1189 ’”
359 1161 465 1222 niente
489 1160 591 1222 orente
616 1161 715 1222 tenes.
741 1156 888 1238 quamuis
912 1160 946 1220 et
968 1156 1091 1231 clarus,
1111 1159 1149 1236 ¹et
1171 1156 1284 1238 infans,

356 1265 416 1329 hoe
440 1265 542 1349 magis
567 1283 640 1329 aure
664 1265 716 1346 pia
856 1263 984 1327 attende
1006 1262 1155 1345 parentis.

267 1425 275 1436 .
358 1371 495 1452 primum
520 1371 606 1436 disee
629 1390 708 1453 puer
732 1369 807 1452 quid
831 1369 876 1434 sis
899 1372 973 1451 post
995 1368 1059 1433 iste
1080 1368 1218 1432 futurus.

360 1477 387 1540 si
410 1477 534 1570 potiens
556 1477 664 1542 fueris.
688 1481 764 1541 tuno
787 1480 820 1540 te
843 1475 922 1540 mihi
945 1475 1038 1540 ellare
1060 1474 1204 1539 futurum

358 1584 441 1648 laeta
466 1585 589 1649 docent.
614 1584 745 1648 fratrum
769 1585 950 1648 sanatorum
973 1581 1005 1644 in
1029 1584 1117 1663 parte
1140 1582 1274 1654 locatus.

222 1691 260 1752 ἴῖ
277 1747 280 1751 .
357 1694 388 1755 et
411 1691 518 1772 requie
542 1709 673 1756 seourus
698 1690 768 1755 eris.
793 1689 869 1764 darn
892 1689 1001 1753 seoula
1025 1707 1136 1753 sumus
1246 1697 1248 1701 ’

355 1816 451 1861 saeua
475 1816 550 1862 suos
574 1800 737 1881 peragunt,
762 1796 851 1860 linito
875 1799 1017 1878 tempore
1040 1795 1135 1878 longo

357 1903 435 1968 hane
458 1904 562 1967 lucem
587 1906 742 1984 repetens.
767 1906 956 1983 seminaque
978 1919 1077 1986 regna
1098 1899 1224 1965 uidebis

353 2030 414 2075 non
439 2011 598 2074 nraeulato
621 2011 724 2086 rnalis,
750 2009 805 2075 sed
830 2009 890 2075 erit
913 2007 1080 2075 eoncordia
1102 2007 1232 2074 sanetis,

217 2193 223 2206 .
352 2136 409 2181 neo
432 2116 527 2180 morti
551 2117 641 2180 loeus
666 2117 753 2181 nllus
778 2116 847 2192 erit,
872 2135 929 2180 neo
953 2115 1039 2179 bella
1062 2115 1168 2179 citatis

221 2226 275 2284 ‘rr'
355 2225 537 2288 exercentur
561 2223 660 2304 equis,
685 2224 741 2288 sed
763 2243 823 2306 par
847 2225 973 2287 aeterna
995 2221 1146 2285 manebit.

352 2330 472 2394 matris.
498 2330 599 2394 crede.
624 2333 696 2394 tuae
721 2349 802 2411 quae
937 2327 1027 2409 eupit
1049 2345 1120 2392 esse
1144 2327 1258 2391 salutis

354 2436 431 2501 haee
456 2435 533 2500 nrilri
558 2455 614 2501 eur
636 2436 720 2502 tristi
743 2435 838 2501 uultu
862 2435 908 2502 sio
932 2435 1017 2501 dieta
1039 2433 1193 2517 repellis?

353 2542 427 2624 quid
451 2542 596 2627 refugis?
622 2545 769 2609 miserere
794 2542 867 2614 mei,
892 2542 1039 2607 miserere
1062 2541 1184 2623 tuique.

351 2651 378 2715 si
402 2652 497 2715 licent
519 2652 603 2732 prior
625 2651 670 2715 ire
694 2650 803 2722 uelim,
827 2654 917 2714 uetat
939 2667 1023 2726 eoae,
1047 2648 1103 2712 sed
1126 2648 1179 2712 ibo

352 2762 428 2821 tuno
453 2776 524 2821 onrn
549 2757 702 2821 uictorem
727 2757 836 2821 uidero
862 2760 893 2820 te
918 2758 990 2819 nate
1013 2756 1178 2819 melorum.

351 2852 425 2944 quid
451 2882 574 2945 sperare
597 2864 715 2927 iubas?
739 2864 828 2928 solus
851 2882 922 2927 inea
946 2862 1030 2927 dieta
1052 2859 1210 2926 moraris?

350 2970 437 3033 solus
462 2968 565 3034 adhue
589 2989 724 3051 aequum
749 2988 884 3033 renouas
907 2968 985 3031 mihi
1009 2971 1082 3031 nate
1106 2966 1271 3032 dolorem?

350 3076 472 3153 annuis,
498 3096 535 3141 an
560 3077 691 3141 damnas
716 3077 772 3141 sed
796 3097 847 3141 nie
870 3077 1056 3156 fratresque,
1081 3081 1269 3160 genusque?

352 3181 435 3263 quod
459 3200 497 3245 ne
521 3184 602 3248 forte
626 3184 708 3248 uelis
733 3201 786 3247 oro
811 3187 845 3248 et
867 3183 1025 3264 deprecor.
1049 3180 1141 3246 audi:

215 3291 280 3351 366
349 3288 410 3352 hiis
435 3308 494 3372 ego
519 3292 551 3353 te
575 3308 707 3371 paruum
733 3288 853 3353 nutriui
877 3291 948 3352 nate
972 3287 1110 3369 papillis.

239 3410 302 3483 Ι340
321 3428 406 3481 carior
462 3430 513 3482 346
534 3430 578 3499 pia
598 3430 678 3483 dietis
698 3428 810 3483 attende
866 3430 917 3483 351
938 3428 1031 3498 longo]
1051 3432 1123 3482 certo
1181 3428 1234 3483 352
1253 3434 1360 3499 repetes

212 3518 264 3570 356
284 3520 397 3570 matrem
418 3534 439 3570 e.
459 3522 478 3571 t.
499 3534 604 3587 semper
622 3516 748 3588 cupidam
768 3534 790 3571 e.
806 3535 827 3571 s.
870 3518 922 3571 339
941 3522 1022 3571 uetor
1067 3516 1120 3571 366
1134 3516 1238 3588 uidero]
1254 3534 1359 3572 aemam

213 3606 265 3658 363
282 3604 338 3675 sed]
360 3622 465 3675 quoque
522 3608 573 3660 364
593 3624 637 3659 oro
657 3612 684 3661 te
704 3612 732 3661 et
786 3608 839 3661 365
858 3606 900 3659 his

247 3728 298 3783 339
318 3728 374 3799 sed]
394 3730 418 3782 si
454 3731 554 3784 solacia
627 3730 679 3785 340
699 3736 759 3784 tuos
834 3730 886 3783 343
906 3730 996 3799 future
1064 3730 1117 3785 344
1136 3732 1216 3785 matri
1235 3731 1358 3786 sudorem

211 3818 262 3871 345
282 3834 370 3872 creare
389 3820 460 3873 tenis
515 3821 585 3873 inter
603 3821 655 3873 345
675 3827 698 3873 el
718 3820 770 3874 346
790 3826 931 3887 tetroquom
949 3836 1039 3873 stouras
1062 3836 1158 3873 uersare
1175 3820 1242 3874 haee
1259 3820 1358 3874 mbo:

210 3905 299 3959 Altius
319 3907 436 3961 attolens
456 3908 547 3962 oeulos
603 3909 654 3961 346
673 3909 733 3977 hoe]
752 3908 802 3961 hee
830 3926 893 3962 aare
909 3909 970 3978 apia
985 3908 1101 3963 adtende
1121 3910 1214 3975 (nulla
1242 3912 1356 3977 lacuna)

211 3992 262 4047 347
272 3993 335 4064 ista]
345 3996 385 4049 ito
440 3997 659 4051 349loeatusom
713 3998 767 4051 350
778 4002 806 4051 et
815 3997 922 4067 requies
933 4004 1037 4051 aeorum
1047 3998 1101 4051 eris
1150 3998 1204 4053 352
1213 4003 1357 4069 repentens

210 4080 265 4134 354
284 4080 340 4152 Ηςο
377 4100 426 4155 nqe-
481 4086 535 4139 336
554 4102 622 4155 quae
642 4089 669 4139 te
689 4086 764 4157 eupit
819 4086 871 4140 357
891 4086 930 4139 sic
948 4102 999 4140 om.
1055 4086 1107 4141 359
1126 4086 1208 4157 priori
1234 4087 1356 4142 reuellim

209 4168 307 4223 sedebo
381 4171 435 4225 360
453 4178 481 4226 te
501 4173 592 4227 uidero
613 4179 675 4226 nate
749 4172 802 4227 362
821 4190 918 4243 etpnarn
937 4190 1047 4228 reuoeas
1130 4176 1182 4230 363
1201 4178 1243 4231 An
1261 4176 1303 4231 nis
1322 4195 1355 4231 an

209 4258 338 4327 dampnas
375 4260 517 4330 fratrisque

1465 3304 1520 3361 370
