3167 4975
244 364 297 416 XII
688 364 932 432 Prolegomens.

243 558 272 620 p.
290 536 364 618 593,
384 537 419 599 11
455 537 574 603 Urceus
605 541 727 622 generis
757 541 861 603 neutri
891 544 922 603 et
951 541 1035 604 urcei
1062 558 1124 604 non
1151 558 1244 605 nreea
1265 546 1302 606 ut
1324 543 1381 606 ln-

503 661 641 706 nencus
665 643 754 708 drrnt:

452 743 573 809 Urceus
596 755 641 810 esi
662 745 778 809 nullas
800 769 857 809 nec
883 757 960 809 sunt
982 745 1045 809 tibi
1065 746 1206 810 uincula
1221 746 1381 834 funum)

503 851 549 934 (rr
571 849 657 935 noo).

286 989 368 1070 Quot
394 991 535 1074 exempla
561 989 781 1055 Aldhelmns
806 1009 824 1054 a
846 991 982 1055 quenco
1013 992 1247 1074 deprompserit,
1278 992 1381 1057 Mani-

241 1095 304 1159 tius
326 1096 359 1159 in
382 1095 530 1177 opusculo
553 1095 608 1175 ,Zn
623 1094 772 1160 Aldhelm
788 1096 853 1159 nnd
868 1095 983 1176 Baeda,
1006 1095 1098 1161 Wien
1116 1093 1220 1176 1886‘,
1237 1115 1266 1180 p.
1284 1095 1325 1159 36
1334 1115 1378 1178 sq.

242 1198 318 1263 satis
342 1199 578 1263 demonstrauit.
615 1199 774 1264 Nonnulla
797 1203 922 1263 tantum
945 1201 1084 1264 adferam
1099 1218 1171 1262 enm
1187 1219 1223 1264 er
1239 1200 1381 1265 editioni·

242 1303 312 1384 bus,
335 1304 443 1385 quales
460 1322 543 1367 nune
563 1308 645 1384 sunt,
669 1323 781 1387 parum
797 1305 916 1369 fructus
933 1305 971 1368 ad
987 1323 1114 1368 carmen
1129 1303 1259 1369 quenci
1275 1324 1380 1369 ernen-

242 1407 380 1471 dandnm
410 1407 670 1471 illustrandnnrue
700 1408 872 1488 redundet,
907 1409 946 1472 cf.
975 1409 1062 1491 epist.
1090 1408 1130 1471 ad
1152 1408 1312 1473 Aeircinm
1343 1409 1381 1472 de

242 1511 419 1595 septenario
435 1514 466 1575 et
482 1512 519 1575 de
535 1530 569 1602 re
585 1513 791 1596 grammatica
812 1515 843 1576 et
863 1513 993 1577 metrica
1007 1533 1036 1596 p.
1053 1511 1118 1574 545
1141 1511 1227 1595 (edit.
1251 1512 1291 1577 A.
1315 1512 1381 1580 Mei

241 1615 274 1679 in
304 1616 424 1680 classic.
449 1618 531 1680 anet.
553 1619 628 1680 tom.
646 1614 702 1699 V):
733 1617 919 1680 Inueneus
949 1617 1110 1700 Hispanus
1133 1617 1235 1699 primo
1258 1616 1379 1701 prolog

241 1738 335 1784 uersu
358 1721 450 1784 huius
473 1720 518 1785 rei
540 1720 684 1804 notitiam
707 1721 818 1804 pandit

346 1856 524 1921 Inmortale
546 1856 633 1921 nihil
656 1857 773 1921 mundi
795 1880 935 1944 coopape
957 1868 1085 1922 wactas·
1107 1859 1217 1942 (praef.
1234 1861 1275 1944 1).

244 2017 273 2082 p.
291 1996 356 2061 576
386 1999 571 2082 ‘pecuscula'
593 2002 629 2062 ut
651 1998 835 2062 Inueneus

388 2101 527 2164 Fossam
548 2102 578 2163 si
593 2100 688 2186 forte
707 2101 885 2187 pecuscula
907 2112 1020 2165 uestra
1041 2102 1197 2165 inciderit
1220 2101 1369 2187 (11590).

288 2243 461 2306 quencnm
493 2243 601 2306 citauit
631 2242 726 2306 etiarn
757 2241 857 2305 Beda
882 2241 1116 2306 Venerabilis
1150 2244 1183 2307 in
1216 2242 1296 2308 libro
1329 2243 1382 2306 illo

244 2366 337 2430 saepe
360 2349 486 2413 laudato
511 2348 548 2411 de
576 2351 642 2411 erte
670 2348 801 2411 metrica
826 2351 862 2411 nt
887 2367 916 2430 p.
938 2345 1002 2410 233
1025 2347 1077 2430 (ef.
1101 2347 1141 2412 H.
1163 2347 1246 2428 Keil,
1269 2347 1381 2413 Grem-

244 2453 351 2518 matici
372 2454 426 2518 lat.
442 2456 518 2518 torn.
535 2451 624 2537 VHp

287 2558 423 2623 Octanus
446 2558 557 2621 modus
580 2560 637 2637 est,
661 2576 732 2621 curn
755 2540 930 2639 correptam
952 2559 1093 2622 uocalem
1116 2559 1148 2621 in
1168 2559 1277 2622 eadem
1293 2561 1380 2640 parte

243 2663 391 2727 orationis
419 2661 559 2744 seqnitur
582 2682 597 2724 n
621 2678 794 2726 consonans
821 2680 934 2745 graeca
956 2663 1081 2745 duplex:
1111 2666 1160 2726 est
1182 2663 1266 2725 enim
1287 2662 1382 2745 longa

244 2766 275 2829 in
299 2767 358 2831 hoe
379 2767 535 2832 quenci

362 2904 511 2992 Difficile
533 2916 578 2968 est
601 2905 700 2969 terris
723 2904 847 2987 adfloeos
871 2905 976 2969 diuite
998 2928 1079 2991 pazo
1102 2906 1164 2989 (HI
1186 2904 1263 2988 ὁ22)

245 3048 276 3109 et
298 3045 404 3110 breuis
426 3048 458 3110 in
480 3047 539 3111 hoe
562 3047 701 3110 eiusdem

324 3184 367 3246 Et
388 3207 468 3271 pazo
492 3182 637 3247 distabat
659 3204 771 3247 recum
789 3183 951 3268 possessio
966 3182 1105 3270 seipsos
1127 3184 1190 3268 (ΙΠ
1211 3182 1305 3268 499);

245 3324 372 3388 nomine
397 3324 529 3388 auctoris
553 3342 616 3388 non
639 3324 759 3388 addito:

245 3484 274 3548 p.
292 3461 366 3544 232,
381 3461 423 3527 27
453 3461 644 3547 Eaesuliat2)
673 3461 806 3525 Mariae
840 3484 912 3524 cum
944 3462 1056 3546 prima
1089 3460 1250 3547 affamina
1281 3460 1382 3524 sensit

245 3692 274 3754 p.
292 3668 366 3752 245,
382 3670 425 3734 20
454 3566 628 3733 Ιηπὲἱνῗέἒὲ
650 3670 738 3733 nihil
759 3670 875 3733 mundi
897 3691 1036 3756 oonpape
1060 3680 1186 3733 tenetur
1209 3670 1319 3755 (praef.
1338 3669 1381 3753 1),

291 3812 334 3824 -
382 3774 423 3838 28
454 3772 608 3857 Pacifioos
641 3773 720 3837 deus
751 3774 788 3836 ira
817 3796 987 3837 numeroso
1015 3774 1045 3837 si
1055 3773 1080 3857 ³)
1105 3772 1216 3860 prolis
1245 3773 1381 3859 adoptet

245 4006 274 4069 p.
293 3982 366 4067 247,
382 3984 426 4048 24
456 3878 763 4047 Νοξνξίἓῗῗαηηωη
779 3984 864 4046 hooc
886 3994 923 4047 ta
942 3984 1088 4048 oscitare
1104 3995 1253 4048 memento
1269 3984 1299 4067 (Ι
1314 3982 1381 4066 26),

246 4110 275 4173 p.
292 4088 366 4171 250,
385 4088 424 4153 15
454 4088 515 4153 liti
538 4088 690 4153 continuo
712 4097 864 4151 statuunt
887 4098 936 4152 ter
959 4089 1042 4152 dena
1064 4088 1192 4174 arpenti
1215 4088 1273 4172 (IV
1288 4086 1381 4173 426);

246 4236 452 4248 ———

293 4315 311 4382 ¹)
330 4312 368 4367 ibi
385 4312 485 4368 finculs
502 4316 565 4368 MV
615 4316 636 4385 ²)
654 4314 774 4369 exultent
791 4316 818 4369 L
871 4314 893 4383 ³)
910 4312 960 4367 sibi
978 4316 1009 4371 F
