3167 4975
607 327 649 380 rie
677 327 931 382 tractraboeis

348 527 512 587 cesserunt
534 523 690 599 fiammae,
715 523 813 588 cessit
836 522 926 588 dolor
950 522 1062 598 omnis,
1086 525 1120 586 et
1143 540 1202 586 una

218 631 275 690 z'r'
351 647 466 712 corpus
490 636 523 694 et
545 631 629 714 ignis
653 635 729 706 erat,
754 649 869 714 corpus
893 631 1099 712 superauerat
1121 629 1236 712 ignem.

349 736 481 820 spiritus
505 740 579 802 ante
601 741 709 802 tamen
732 736 874 820 placidas
898 739 1103 820 superauerat
1126 755 1228 800 auras.

392 841 489 906 Laeta
513 842 600 907 dolet
622 842 718 907 tacite
741 845 852 909 mater.
876 861 1049 926 pressoque
1074 842 1180 906 dolore

348 948 480 1014 laetitia.
505 948 675 1031 luctusque
700 969 776 1014 suos
800 949 831 1014 in
857 949 973 1032 gaudia
997 949 1104 1016 uertit.

347 1075 409 1121 non
433 1056 471 1120 de
496 1056 674 1140 praeteritis
698 1057 755 1121 sed
778 1055 817 1120 de
840 1055 1016 1138 puerilibus
1041 1055 1130 1120 annis

218 1165 258 1224 ι’
352 1162 407 1244 qui
431 1166 591 1246 superant,
615 1182 653 1226 ne
676 1163 758 1227 forte
781 1165 907 1245 negent.
931 1181 970 1227 ne
993 1162 1074 1228 forte
1097 1162 1241 1228 timorem

349 1269 529 1353 concipiant
552 1270 676 1336 animis.
700 1289 870 1354 regemque
895 1269 1065 1334 accendere
1090 1268 1210 1334 malint.

348 1396 411 1459 quo
435 1377 538 1441 minor·
561 1380 610 1441 est
633 1378 730 1442 aetas.
756 1375 857 1441 maior
880 1378 995 1441 motus.
1020 1375 1110 1440 anxia
1132 1395 1240 1440 secum

350 1482 465 1547 diuidit
488 1486 521 1547 et
544 1501 645 1548 curas.
671 1485 703 1547 et
725 1501 810 1565 spes.
835 1485 867 1546 et
891 1482 937 1546 sic
961 1481 1056 1546 timor
1078 1502 1139 1546 una

349 1590 519 1655 luctantur.
543 1589 717 1671 matrisque
740 1588 811 1672 piae
834 1607 890 1671 per
912 1588 1035 1653 uiscera
1058 1591 1196 1654 cursant.

217 1697 277 1758 ·.“ἴ
352 1715 425 1779 spes
447 1699 554 1760 tamen
579 1700 629 1760 est
650 1696 763 1761 melior
785 1700 894 1760 natum
919 1698 957 1759 ut
978 1695 1149 1778 producere
1173 1696 1265 1766 uidit.

349 1807 383 1867 et
405 1804 516 1886 procul
538 1803 654 1868 intrare
678 1803 771 1869 uideo
796 1803 872 1886 quid
896 1803 999 1887 possit
1022 1803 1052 1867 in
1076 1803 1139 1868 isto

347 1927 420 1992 spes
444 1908 584 1974 conferre
606 1909 697 1974 mihi.
720 1910 833 1974 uultus
857 1927 1028 1993 agnoscere
1053 1914 1177 1975 nostros

349 2015 455 2091 debet,
479 2020 512 2081 et
534 2017 585 2080 irio
609 2017 741 2081 fratrum
764 2035 895 2082 numero
919 2017 1027 2099 parire
1051 2034 1191 2082 suorum.

348 2122 479 2187 forsitan
503 2123 588 2188 hunc
612 2124 717 2189 solum
740 2123 874 2206 puerilia
896 2125 1023 2206 pectore
1046 2125 1188 2206 tangent.

348 2228 539 2312 indigneque
561 2229 651 2301 feret,
675 2229 761 2311 quod
783 2229 831 2295 sic
854 2228 945 2294 uelut
967 2229 1071 2294 lrostia
1096 2230 1197 2294 detur.

349 2336 502 2419 alloquar,
526 2341 559 2401 et
581 2335 692 2421 paucis
716 2338 853 2403 conabor
876 2335 979 2402 dicere
1003 2337 1129 2401 uerbis:

349 2441 392 2507 sit
414 2463 535 2511 memor
557 2448 595 2509 ut
617 2445 724 2527 potius
748 2444 882 2529 generis,
907 2461 1001 2526 quam
1025 2443 1177 2528 temporis
1202 2445 1316 2513 huius:

348 2550 377 2614 si
399 2554 432 2614 te
455 2551 605 2617 nobilitas
629 2552 764 2636 genens,
789 2552 816 2617 si
840 2552 944 2635 tangit
967 2551 1065 2635 origo.

349 2658 470 2740 respice
494 2661 566 2722 nate
590 2662 675 2724 tuos.
700 2661 732 2724 et
754 2677 813 2724 nos
837 2678 963 2743 quoque
986 2660 1106 2743 respice
1131 2664 1214 2725 nate.

215 2779 223 2792 ·
262 2770 275 2819 ἴ
350 2764 414 2829 noli
437 2784 535 2829 annos
559 2783 732 2829 memorare
755 2767 840 2841 tuos,
864 2784 943 2848 puer
964 2766 1067 2849 incipe
1091 2766 1200 2835 furtim

347 2872 474 2954 pectore
497 2870 577 2935 ferre
601 2870 706 2938 deum.
730 2870 856 2936 tradent
877 2872 937 2937 hoc
961 2874 1069 2938 secula
1093 2873 1187 2938 seclis

351 2979 435 3061 quod
457 2982 514 3043 tna
537 2982 622 3044 sorte
645 2978 748 3061 petis:
772 2977 826 3042 det
849 2996 932 3043 nunc
956 2978 1098 3062 exempla
1121 2978 1238 3043 futuris

347 3084 554 3167 temporibus.
580 3083 658 3149 dona
683 3088 716 3149 te
740 3104 850 3168 precor·
872 3104 998 3168 quoque
1022 3086 1158 3168 amplius
1182 3085 1234 3151 hic
1259 3090 1316 3151 est.

250 3348 301 3399 266
321 3347 489 3417 superinerat
593 3348 645 3401 267
666 3349 816 3418 pressitque
836 3346 955 3402 dolorem
1056 3347 1105 3401 271
1127 3346 1215 3417 rogim
1236 3347 1362 3401 accedere

212 3435 265 3489 276
284 3434 430 3490 intrantem
468 3435 574 3490 niueam
634 3437 686 3491 278
705 3437 818 3491 fratrum
838 3443 866 3491 ct
885 3453 995 3491 numero
1074 3436 1128 3489 286
1147 3435 1249 3507 furtim]
1270 3452 1362 3491 uerum

211 3525 264 3578 287
287 3530 318 3579 tu
342 3528 411 3581 forte
448 3525 496 3579 des
587 3525 639 3579 288
663 3525 895 3596 donate-quoque]
919 3524 1019 3579 mundo
1044 3523 1116 3595 quoii
1139 3542 1212 3579 ames
1236 3525 1276 3579 nil
1312 3525 1362 3579 hoc

248 3730 300 3782 264
315 3686 372 3782 orire
446 3729 498 3781 265
518 3731 576 3782 erat
594 3726 642 3781 aed
661 3744 757 3797 corpus
826 3727 878 3781 267
897 3728 988 3781 tacitis
1057 3727 1109 3781 269
1129 3726 1176 3780 scd
1195 3725 1239 3797 de]
1259 3725 1292 3779 de
1311 3742 1361 3781 oon.

212 3818 265 3874 270
282 3818 379 3871 timore
453 3817 504 3871 271
525 3816 614 3869 animo
634 3815 746 3886 regique
819 3815 872 3869 272
892 3814 964 3885 quod
1001 3816 1061 3869 axia
1133 3814 1186 3869 273
1206 3818 1234 3868 at
1252 3814 1362 3869 Incuras

210 3908 250 3960 sic
268 3924 319 3960 om.
392 3908 444 3960 274
465 3909 574 3959 currunt
646 3904 699 3959 276
718 3904 863 3975 producere
884 3904 962 3974 uidit]
982 3904 1157 3975 procederent
1229 3904 1282 3957 276
1301 3920 1362 3973 pro-

213 3994 338 4048 euliterre
357 4012 402 4049 eor
420 3994 501 4049 uideo
583 3994 635 4047 277
655 4011 803 4063 agnuscere
885 3995 937 4048 278
957 4010 1081 4048 numerus
1163 3993 1216 4047 279
1234 3992 1314 4061 hunc]
1335 3996 1363 4045 et

211 4081 282 4137 hunc
319 4088 416 4153 tangat
471 4083 524 4138 280
538 4084 608 4137 ferat
662 4082 713 4136 281
729 4082 861 4152 adloquar
898 4083 989 4153 paucis
1003 4082 1048 4135 hic
1062 4080 1178 4137 conabor
1232 4082 1285 4135 284
1299 4084 1368 4135 tuos·

212 4174 241 4222 et
266 4171 326 4241 noa]
354 4177 402 4225 tuo
430 4171 529 4226 israhel
638 4172 691 4228 285
718 4172 838 4242 incipiati
866 4172 930 4227 forti
1038 4174 1090 4225 286
1119 4172 1240 4227 seculum
1265 4173 1362 4241 seculis

210 4258 264 4312 287
284 4260 355 4329 quod
373 4264 422 4315 tua
440 4261 518 4314 fortia
537 4264 596 4330 etna
616 4265 643 4315 af
661 4276 732 4313 nune
