3167 4975
658 389 900 459 Prolegomoua.
1259 389 1350 443 XLIII

206 569 321 649 perior,
352 565 435 630 findo
464 566 591 629 quenc.
641 566 781 648 repedat,
812 565 952 629 widricat
979 566 1106 630 quenc.
1144 569 1263 645 rutum,
1293 583 1351 629 un-

208 670 330 734 fruataz
364 669 397 734 in
431 670 558 733 quenc.
613 668 749 750 uicibus,
785 669 907 733 hertom
942 669 1069 733 quenc.
1122 670 1243 753 uertigo
1276 668 1350 752 poli,

208 773 379 838 suumtilod
401 773 532 838 himeles
548 773 687 838 quenc‘
722 774 852 837 Praeter
872 772 1046 837 quencum
1069 773 1193 837 nullum
1216 773 1350 837 auctoris

208 896 322 960 npmen
348 878 472 961 legitur.
519 877 649 943 Glossae
681 895 759 959 quae
784 877 824 941 ad
845 877 1020 942 queneum
1042 879 1202 960 pertinent
1223 878 1350 942 nomine

207 983 259 1046 uel
289 982 394 1047 addito
425 982 476 1046 uel
507 983 622 1047 omisso
651 983 820 1046 maximam
843 984 966 1064 partem
989 982 1189 1046 continentur
1212 982 1245 1046 in
1267 981 1351 1066 glos·

208 1087 299 1168 sario,
327 1087 408 1169 quod
431 1085 626 1170 Steinmeyer
650 1090 682 1151 et
704 1085 826 1152 Sieuers
849 1087 870 1150 1.
892 1104 917 1150 c.
940 1105 956 1150 e
979 1086 1083 1150 codice
1106 1086 1196 1151 Iunio
1219 1084 1261 1149 25
1284 1087 1350 1150 edi-

208 1191 366 1275 derunt1)

250 1295 309 1360 His
334 1295 482 1378 expositis
505 1299 604 1360 restat
625 1299 660 1359 ut
682 1295 757 1359 uiris
781 1295 878 1359 doctis
902 1296 956 1377 qui
979 1314 1030 1359 me
1054 1300 1085 1359 et
1107 1296 1234 1360 consilio
1263 1300 1295 1360 et
1316 1314 1350 1359 re
1377 1287 1381 1299 ’

209 1399 397 1463 attinuerunt
418 1399 536 1483 gratias
560 1418 653 1483 agam
675 1398 817 1482 publicas
841 1398 1030 1464 Guilelmo
1053 1400 1096 1464 de
1111 1399 1260 1480 HarteI,
1283 1417 1350 1463 ma·

208 1504 305 1588 gistro
325 1503 536 1584 dilectissimo,
556 1503 601 1567 M.
618 1504 861 1586 Petschenig,
885 1503 910 1566 Ι.
928 1501 1094 1588 Gelling,
1114 1504 1159 1568 M.
1176 1504 1349 1585 Monimo,

207 1608 346 1673 locorum
369 1607 570 1672 classicorum
593 1608 810 1692 inuestigatori
832 1609 1111 1690 praestantissimo.

254 1833 273 1902 ¹)
293 1831 401 1887 Glossae
421 1847 436 1886 a
454 1831 604 1886 Boxheruio
624 1831 710 1886 editae
729 1832 757 1886 iu
775 1831 876 1887 librum
893 1832 1034 1886 laudatum
1052 1833 1218 1902 recipiendae
1237 1837 1320 1887 erent.

253 2110 368 2195 Scripsi
391 2111 594 2178 vindobonae
618 2113 725 2178 Idibus
749 2115 838 2179 Iuliis
862 2133 889 2179 a.
908 2112 1001 2179 1890.

927 2500 1107 2592 Iohannes
1134 2512 1295 2594 Huomor.
