3167 4975
732 361 884 414 Hilarii

381 558 407 622 si
431 559 510 623 lacis
535 561 607 622 ante
632 558 737 635 deunn,
761 557 916 639 quidquid
939 557 1041 620 fecere
1063 556 1202 638 priores!

382 665 534 729 audenter
556 665 677 747 depone
700 667 818 738 ructus,
843 663 963 746 depone
986 662 1144 734 timorem,

382 773 510 855 concipe
535 775 641 836 rnente
665 770 778 846 deun13
802 771 887 834 uires
912 770 1000 834 dabit
1022 770 1076 833 ille
1099 769 1238 834 uiriles*

380 879 458 944 haec
483 878 559 941 (lnnr
581 881 683 942 mater
705 878 782 960 agit,
805 896 884 960 puer
906 876 946 940 ad
969 878 1136 960 praecepta
1159 875 1300 958 parentis

380 985 518 1067 respicit,
544 987 576 1049 et
599 985 703 1049 solnrn
726 989 764 1048 nt
786 1005 820 1050 se
844 985 934 1050 uidet
957 1003 1026 1048 esse
1048 984 1205 1058 relictum,

379 1091 513 1155 sustulit
535 1090 567 1153 iu
592 1091 715 1156 caeluni
738 1092 850 1155 nultus
873 1091 1057 1174 palmasque
1082 1090 1222 1173 supinas,

380 1200 412 1274 ot
433 1198 480 1262 sio
503 1215 582 1262 uoce
606 1201 718 1280 petens
742 1200 905 1262 aeternurn
929 1217 1045 1262 nrnnen
1069 1197 1221 1291 adoratg

379 1323 473 1386 quern
498 1323 607 1368 secum
632 1325 729 1369 sensu
751 1305 868 1388 pariter·
890 1308 1032 1387 nutuque
1054 1303 1196 1387 rogabat.

379 1411 523 1476 uinceret
545 1414 583 1475 ut
604 1431 722 1496 regem,
746 1431 861 1477 saeuos
884 1416 921 1476 nt
944 1412 1085 1476 uinceret
1107 1411 1208 1494 ignes.

378 1520 472 1599 atque
496 1517 541 1580 ita
564 1537 626 1582 non
649 1519 767 1602 segnis
791 1539 849 1584 nec
872 1539 927 1602 pro
950 1519 1125 1602 puerilibus
1150 1517 1240 1580 annis

376 1625 502 1706 prosilit
524 1624 712 1707 intrepidus,
736 1625 859 1691 medios
884 1625 1032 1708 delapsus
1055 1625 1087 1688 in
1111 1624 1212 1707 ignes

377 1733 409 1792 et
431 1735 553 1814 pugnat
575 1733 688 1809 uictor,
710 1732 811 1797 donec
834 1736 990 1796 remearet
1012 1731 1042 1794 in
1066 1731 1166 1794 altuni

377 1838 508 1920 spiritus
533 1843 565 1902 et
587 1839 718 1902 fratrum
740 1842 864 1921 peteret
887 1842 1008 1903 secreta
1030 1837 1180 1920 priorum.

421 1945 506 2007 Duru
529 1964 608 2026 puer
630 1944 692 2007 ista
715 1945 806 2028 gerit,
832 1945 997 2010 soluerunt
1019 1943 1135 2027 gaudia
1159 1947 1309 2007 matrem:

375 2051 503 2131 iamque
526 2054 564 2113 ut
587 2054 653 2114 erat
675 2052 795 2116 lassata
817 2052 920 2121 malis.
944 2051 1007 2113 iarn
1030 2069 1109 2115 noce
1134 2054 1247 2134 negata

376 2155 475 2238 spirat
500 2174 617 2231 ouans;
640 2156 784 2239 interque
807 2175 920 2222 manus
944 2155 1093 2238 conlapsa
1117 2173 1247 2220 suorum

317 2325 322 2330 .
376 2262 513 2326 concidit
537 2263 687 2327 exanimis
710 2265 913 2346 resolutaque
936 2264 1078 2328 membra
1101 2264 1258 2345 quierunt.

375 2368 421 2432 sic
444 2369 514 2450 ipsa
538 2372 570 2433 et
592 2369 657 2432 nati
681 2373 861 2434 sanctoruni
885 2371 916 2434 in
940 2374 1029 2452 parte
1051 2373 1179 2452 recepta
1203 2373 1262 2434 est.

274 2562 325 2615 377
345 2561 486 2632 qrrirlqnirll
505 2562 529 2614 t}
616 2562 669 2617 380
686 2571 813 2633 precepta
831 2562 884 2617 ΟΡ
974 2564 1023 2616 381
1045 2562 1084 2631 ut]
1105 2564 1197 2629 cums
1288 2564 1340 2617 388
1359 2570 1387 2617 et

238 2692 329 2746 pugna
343 2676 371 2729 P
387 2681 555 2747 expugnats
618 2679 670 2731 389
689 2645 802 2748 piorum
817 2678 843 2731 1,
911 2678 962 2733 393
981 2676 1132 2731 menbraP
1199 2678 1252 2732 394
1269 2678 1329 2746 ipsa
1348 2680 1386 2747 etl

238 2772 311 2840 ipsas
320 2775 343 2840 f

326 2946 493 3003 EXPLICIT
511 2948 649 3002 HYLARI
665 2948 715 3001 DE
733 2948 940 3003 MACHABEIS
979 2947 1194 3003 OPVSCVLVM
1217 2946 1385 3001 TERTVLI·

236 3034 301 3089 ANI
336 3036 385 3090 DE
403 3036 553 3093 Excuuo
574 3037 720 3110 SODOMF}
737 3038 783 3092 ΕΤ
801 3036 930 3092 NINIVE
951 3028 973 3091 ιε’
985 3034 1012 3088 Ρ

326 3127 481 3196 Expliriuut
504 3144 597 3181 uersus
622 3128 648 3181 S.
671 3128 770 3181 Hilarii
794 3129 821 3181 in
844 3128 937 3181 Natali
965 3126 1173 3181 llaclrabeorurn
1202 3126 1390 3195 Martyrumf
1417 3156 1421 3165 .

239 3215 279 3280 (S.
299 3234 350 3273 otor.
370 3222 394 3267 et
412 3220 438 3271 in
458 3217 614 3273 llaclrabeis
628 3217 654 3272 ln
676 3214 784 3270 Subscr.
810 3218 881 3270 {least
894 3214 920 3267 L
