3167 4975
634 372 877 442 Prolegomcna.
1243 370 1322 426 XVII
1421 374 1423 377 ’

229 551 424 615 Ermoldus
447 517 619 634 Nigellus
642 551 673 613 in
697 552 834 614 carmine
858 551 993 634 elegiaco
1017 551 1048 614 in
1072 551 1221 614 honorem
1246 550 1322 613 lllu-

188 655 292 719 dowici
316 674 345 718 u.
365 653 403 716 17
429 654 481 737 (cl.
499 655 683 718 Duemmler
706 656 725 718 l.
743 675 768 718 c.
786 655 817 718 Il
840 676 870 738 p.
887 655 936 739 bl:

298 794 330 860 Si
353 794 452 875 Maro,
475 795 570 874 Naso,
595 793 681 874 Cato,
705 794 846 880 Flanona,
870 794 1025 874 Lucanus,
1049 794 1216 873 HomeruS,

342 900 464 963 Tullius
488 903 518 962 et
541 899 658 979 Macer,
683 897 788 963 Cicero
813 900 879 962 siue
902 899 1002 979 Plato,

299 1003 442 1069 Sedulius
466 1003 587 1067 necnon
609 1003 797 1067 Prudentius
820 1007 915 1085 atquc
937 1004 1123 1067 iuuencos

343 1106 402 1172 Seu
428 1107 628 1188 Fortunatae,
651 1107 784 1189 Prosper
807 1110 838 1171 et
860 1109 926 1190 ipse
948 1108 1038 1188 foret,

301 1211 414 1278 Omnia
436 1213 565 1276 famosis
589 1213 640 1276 uix
662 1215 790 1295 possent
813 1212 944 1277 condere
968 1214 1061 1276 cartis

343 1317 448 1400 Atque
471 1335 563 1380 suum
587 1316 707 1381 celebre
731 1318 803 1381 hinc
826 1317 983 1398 duplicare
1006 1317 1114 1380 melos.

234 1455 431 1520 Hrabanus
455 1456 492 1520 de
515 1455 710 1539 institutione
734 1456 917 1520 clericorum
938 1457 958 1520 l.
975 1456 1025 1520 Ill
1048 1475 1073 1519 c.
1092 1454 1132 1518 18
1155 1457 1207 1540 (cf.
1228 1457 1326 1540 Mign.

192 1567 214 1624 t.
235 1558 304 1641 107,
327 1580 357 1642 p.
375 1558 468 1644 396):

235 1664 335 1745 Quam
367 1665 404 1729 ob
436 1684 502 1728 rem
526 1668 659 1729 nonest
682 1666 954 1747 spernendahaec
984 1667 1127 1746 quamuis
1161 1665 1329 1748 gentilibus

193 1770 367 1833 communis
391 1768 549 1852 (metrica)
573 1771 661 1850 ratio,
694 1771 748 1832 sed
768 1773 922 1851 quantum
946 1771 1023 1833 satis
1047 1774 1095 1833 est
1117 1770 1330 1852 perdiscenda,

194 1875 266 1954 quia
289 1874 394 1954 utique
419 1874 511 1938 multi
534 1874 706 1958 euangelici
729 1874 788 1937 uiri
811 1875 950 1957 insignes
973 1874 1067 1938 libros
1091 1874 1149 1938 hac
1172 1878 1238 1939 arte
1259 1893 1332 1938 con-

194 1978 337 2041 diderunt
360 1982 391 2041 et
414 1978 470 2041 deo
493 1978 615 2060 placere
639 1998 694 2060 per
717 1978 747 2041 id
770 1982 961 2061 sategerunt,
992 1983 1027 2042 ut
1049 1979 1109 2043 luit
1131 1979 1331 2058 quencuS,

195 2081 346 2161 Sedulius,
366 2081 490 2162 Arator,
510 2081 663 2162 Alcimus,
688 2081 844 2163 Clemens,
867 2082 1018 2147 Paulinus
1042 2087 1073 2146 et
1087 2083 1278 2147 Fortunatus
1302 2087 1333 2146 et

195 2187 307 2250 caeteri
330 2185 461 2271 multi.¹)

240 2289 446 2354 Commendat
482 2291 655 2354 iuuencum
690 2291 977 2356 Wandelbcrtus
1011 2292 1242 2356 Prumiensis
1280 2291 1331 2372 (cf.

196 2395 378 2459 Duemmler
400 2397 420 2459 l.
438 2415 463 2461 e.
481 2396 512 2459 ll
535 2416 565 2479 p.
582 2395 659 2478 575)
684 2416 714 2460 u.
730 2395 787 2459 22:

444 2553 546 2618 Pollet
569 2553 736 2638 Gregorius
760 2555 911 2635 nitetque,
934 2554 1045 2618 laude

446 2658 640 2722 Dictorum
664 2658 802 2722 uolitat
823 2660 1025 2737 quenouS,
1048 2659 1094 2722 illi

448 2762 627 2827 Coniunctis
651 2763 759 2846 spatiis
782 2761 898 2827 Arator
920 2764 1027 2827 haeret

447 2867 670 2950 Prudentique,
695 2868 788 2931 deum
813 2867 952 2931 canendo
975 2868 1066 2931 uiuis.

242 3022 370 3087 Praeter
392 3022 448 3087 hos
473 3023 567 3087 etiam
592 3024 668 3088 alios
692 3024 804 3089 horurn
825 3028 1002 3106 temporum
1019 3024 1184 3105 scriptores
1200 3026 1235 3086 ut
1250 3022 1338 3087 Can-

201 3126 323 3191 didum
351 3126 590 3209 Fuldensem,
618 3128 892 3192 Walahfridum
922 3127 1158 3208 Strabonem,
1190 3127 1339 3191 Plorum

201 3230 504 3314 Lugdunensem,
521 3236 708 3296 auctorem
732 3232 816 3297 uitae
839 3232 1033 3315 Leudegarii,
1056 3232 1340 3315 Eugelmodum,

201 3334 414 3399 Andradum
442 3336 572 3400 quenci
600 3338 733 3420 uestigia
758 3338 910 3420 pressisse
937 3340 1034 3400 testes
1063 3340 1136 3401 sunt
1162 3336 1342 3401 Duemmler

203 3442 234 3503 et
256 3438 389 3519 Traube,
419 3440 551 3504 editores
575 3446 738 3524 poetarum
761 3442 831 3505 aeui
847 3440 996 3516 Carolini;
1021 3441 1059 3504 cf.
1080 3442 1244 3523 praecipue
1266 3444 1288 3503 t.
1310 3439 1341 3501 Il

203 3562 232 3625 p.
252 3541 282 3624 2,
305 3541 376 3624 157,
400 3542 474 3624 262,
498 3543 562 3607 508
593 3546 734 3609 addenda
758 3548 789 3609 et
811 3547 1051 3609 commentarios
1074 3542 1265 3609 carminibus
1289 3543 1342 3606 ad-

204 3648 292 3712 ditos

247 3752 473 3836 Smaragdos
489 3755 520 3818 in
538 3754 625 3836 epist.
643 3758 674 3818 et
690 3755 853 3838 euangelia
869 3753 922 3838 (cf.
939 3755 1038 3838 Mign.
1056 3758 1078 3818 t.
1099 3753 1169 3833 102,
1187 3751 1257 3836 72);
1280 3752 1344 3816 Alii

206 3856 312 3921 dicunt
334 3862 463 3941 nepotes
486 3858 616 3923 Balaam
640 3878 707 3922 esse
731 3858 787 3923 lilii
806 3858 897 3939 Beor,
921 3859 994 3941 quia
1017 3862 1134 3922 sectam
1158 3858 1223 3921 eius
1247 3858 1345 3920 secuti

206 3964 287 4025 sunt.
334 3962 386 4025 alii
410 3963 516 4027 dicunt
538 3963 651 4027 Persas
675 3962 783 4043 fuisse,
807 3966 843 4027 ut
865 3965 983 4027 metro
1007 3962 1189 4027 Cancrius
1212 3961 1301 4024 dicit:

212 4096 291 4161 Turn
314 4097 403 4163 iubet
426 4110 455 4163 ct
477 4100 589 4164 Peraea
612 4098 743 4163 celerem
763 4100 956 4185 pertendere
978 4121 1121 4187 pressum
1149 4100 1233 4182 (etl
1256 4097 1345 4180 241).

254 4326 272 4393 ¹)
291 4324 324 4379 el.
344 4326 424 4379 etiam
444 4324 566 4379 Ruodolfi
586 4325 672 4379 orinal.
692 4326 769 4379 Puld.
790 4344 849 4380 aun.
869 4329 926 4382 844.

260 4420 330 4461 lxlv.
346 4421 393 4461 run.
1177 4414 1193 4463 b
