3167 4975
667 323 708 378 ule
736 324 989 377 lleehetoeis

372 524 509 607 Aegypti
534 524 689 607 effugiens
713 528 858 590 mortem.
882 516 1053 607 regemque
1078 525 1220 588 Plruruou

373 632 427 714 qui
452 632 512 696 sibi
537 635 716 695 sanctorum
741 650 907 696 numerum
932 632 1051 696 seruire
1073 632 1214 697 iubebat.

240 747 245 761 ·
284 743 298 796 .'
372 758 465 820 quem
489 741 546 802 tun
568 739 719 802 maiestas
743 738 834 802 Mose
859 738 939 802 dirce
962 738 1125 803 transtulit
1149 757 1250 803 emue.

372 849 597 927 seruatumque
622 849 678 909 tua
701 849 806 910 totum
830 845 949 908 uirtute
972 846 1115 909 redemit.

372 955 455 1015 terro
479 952 574 1016 debet
596 951 730 1024 functus,
756 971 836 1033 quos
859 955 890 1015 te
914 956 1046 1034 cogente
1069 952 1199 1016 serebat.

370 1060 503 1141 oeoupot
528 1063 559 1121 et
582 1058 660 1122 totis
684 1057 829 1139 quaesita
851 1058 978 1141 lympha
1001 1058 1142 1132 latebris,

324 1203 328 1212 ·
370 1165 484 1230 humor
508 1168 575 1228 eret
598 1167 715 1240 nullus,
742 1165 847 1229 cuncti
872 1166 1008 1230 elamore
1032 1170 1199 1247 querentes

371 1271 545 1353 poscebant
568 1271 678 1336 Mosen
705 1272 777 1336 dare
803 1272 984 1336 sitientibus
1007 1272 1119 1336 undas.

372 1377 410 1440 ad
436 1396 515 1458 quos
539 1377 593 1440 ille
617 1377 705 1441 breui
733 1377 777 1442 sie
803 1380 853 1440 est
876 1397 1019 1442 sermone
1043 1379 1190 1441 loeutus:

370 1484 488 1548 credite
511 1503 605 1566 posse
630 1483 724 1548 deum
750 1483 902 1566 quiequid
925 1484 1194 1580 petieritisillum

370 1591 425 1656 sed
448 1595 554 1654 temen
579 1591 659 1654 hono
684 1591 807 1674 uirgam
831 1611 1019 1673 ernnenrque
1044 1590 1206 1655 diffindere
1230 1610 1350 1656 sexum.

368 1701 405 1761 ut
427 1697 557 1760 uenient
580 1697 683 1762 fontes
707 1701 775 1761 toto
797 1697 926 1780 regione
950 1697 1074 1769 moreti,

236 1809 294 1867 ἰ’
368 1803 588 1886 percussitque
613 1804 719 1870 simul.
744 1803 828 1867 dioto
853 1804 997 1868 uelocius
1022 1823 1130 1868 omnes

368 1909 475 1974 emisit
498 1929 605 1974 sexum
631 1910 734 1974 fontes
759 1910 926 1974 dulcedine
949 1911 1059 1992 prima.

368 2017 519 2080 confiteor
542 2019 630 2080 totus
655 2035 729 2081 oum
753 2018 796 2082 sit
819 2018 876 2080 tibi
901 2018 1025 2083 debitor
1049 2018 1143 2092 orbis,

367 2127 402 2186 tu
428 2123 578 2205 quioquid
602 2128 738 2206 possunt
761 2123 883 2208 gentes.
907 2127 998 2207 potes
1023 2124 1128 2188 omnia
1151 2123 1249 2187 solus.

365 2233 402 2292 tu
425 2231 559 2295 mortale
583 2251 684 2315 genus
709 2251 810 2300 ouras.
836 2250 1018 2312 operasque,
1042 2232 1204 2313 leuesque,

236 2343 263 2390 ‘2
368 2340 400 2398 te
424 2355 534 2418 precor
558 2337 692 2402 attonita
715 2342 821 2401 urente
845 2338 994 2401 oonfinoa
1015 2336 1200 2400 timentem:

366 2461 405 2507 ue
430 2442 512 2508 desit
534 2444 665 2507 fratrum
690 2463 821 2508 numero
844 2463 934 2508 uirens
958 2443 1086 2508 intimus
1109 2442 1223 2511 insons,

366 2550 557 2632 ignarusque
582 2551 641 2617 sui.
667 2570 760 2633 quem
784 2551 847 2613 iam
872 2550 981 2633 procul
1006 2569 1078 2613 ecoe
1103 2550 1201 2613 teneri

366 2656 537 2738 conspicio,
562 2658 655 2721 turbe
679 2656 933 2720 oirouuueniente
957 2655 1123 2737 frequenti.

365 2761 448 2825 huno
472 2767 600 2845 propter
623 2763 728 2828 solum
750 2763 939 2845 lnohrpmas
963 2782 1041 2845 quas
1066 2755 1214 2827 comouet
1236 2766 1333 2838 aetas,

232 2871 290 2923 '25
364 2886 446 2931 unus
471 2870 554 2932 enim
579 2872 733 2951 superest.
759 2869 797 2932 de
821 2888 883 2950 quo
907 2868 985 2931 mihi
1008 2869 1144 2931 maxime
1167 2886 1241 2932 oure
1265 2872 1323 2935 est.

364 2994 403 3038 ne
428 2979 517 3039 tener
540 2975 665 3059 ignoret
689 2994 750 3057 quo
774 2974 817 3039 sit
841 2975 878 3038 de
901 2978 996 3057 gente
1020 2978 1154 3038 oreatus.

362 3080 446 3143 lruuo
470 3100 529 3164 ego
555 3082 582 3144 si
606 3082 726 3163 possim
751 3083 873 3145 secreto
898 3080 1129 3162 apprehendere
1153 3079 1256 3144 solum

362 3186 528 3249 blmulirer.
553 3187 752 3268 patriumque
778 3206 890 3269 genus„
915 3186 1112 3269 patriamque
1137 3187 1290 3252 docerem.

263 3378 439 3431 3150111nelu
495 3378 547 3431 313
568 3378 719 3446 quaesitum
787 3378 839 3431 320
859 3376 932 3445 dare]
953 3377 1032 3431 tieret
1050 3382 1081 3429 ut
1135 3378 1187 3431 323
1207 3376 1377 3449 omnemque]

228 3464 321 3519 durum
376 3466 428 3519 325
449 3467 534 3519 amnis
591 3466 642 3518 327
663 3466 701 3518 sie
720 3466 771 3518 tibi
828 3465 1125 3519 seldenum-momente
1181 3468 1233 3520 334
1246 3468 1377 3537 lacrymas

228 3554 279 3608 337
301 3554 468 3624 apprendere

262 3666 545 3766 :susumus-plaiae
601 3697 774 3751 3llnumero
830 3700 882 3751 315
893 3698 1045 3751 transtullit
1055 3714 1159 3750 munem
1206 3700 1257 3752 316
1268 3698 1377 3751 diremit

226 3784 277 3839 318
297 3785 417 3855 quesitas
473 3785 524 3839 319
543 3802 620 3837 umor
639 3787 1118 3855 querenter1ter[oreturutuidl
1139 3788 1169 3839 io
1188 3790 1274 3840 litura
1293 3789 1330 3841 al.
1350 3806 1377 3839 m

231 3873 282 3927 320
295 3890 406 3945 moysen
452 3874 511 3953 ,321
527 3873 604 3928 breui
623 3888 744 3926 sermone
755 3874 793 3926 sie
804 3878 846 3926 est
887 3874 1138 3943 322i11um]ati110
1181 3873 1376 3944 323emneque

226 3986 371 4041 detundere
400 4004 465 4042 sexu
488 3990 518 4041 iu
543 3989 630 4043 lituro
654 3992 752 4053 (anteo
769 3989 831 4055 ¹feeit
854 3988 887 4043 ab
910 3990 970 4055 illo)
1031 3989 1085 4042 324
1102 3993 1179 4043 ut:t
1196 3990 1228 4042 in
1249 3989 1290 4042 lit.
1311 3990 1376 4057 (pro

227 4076 282 4144 ml)
321 4078 434 4131 uenient
461 4078 568 4148 moreti]
583 4078 667 4131 rorori
704 4078 756 4131 326
771 4077 855 4131 fontis
906 4079 958 4132 328
978 4077 1109 4148 quidquid
1164 4078 1217 4131 329
1227 4094 1376 4146 onornsque

226 4164 277 4218 330
294 4166 408 4219 timente
504 4166 554 4221 331
575 4166 695 4221 infirmus
785 4167 839 4219 332
862 4184 923 4236 eone
1014 4166 1066 4218 33⁴
1095 4165 1218 4219 lacrimas
1256 4166 1377 4219 eomouit

227 4251 278 4305 337
298 4252 502 4322 adprehendere
557 4255 609 4307 338
632 4255 778 4309 blandimur
801 4260 828 4309 et
847 4256 964 4325 petrium
985 4271 1069 4323 genus
