3167 4975
632 400 880 455 Prooemium,
1257 387 1331 449 XIX

115 581 149 634 et
176 574 313 640 Niniue.
332 594 405 638 narn
429 578 597 653 utrumque
622 590 745 634 carmen
770 573 802 635 in
827 570 934 636 codice
957 573 1058 637 fuisse
1082 577 1177 656 atque
1196 574 1330 639 'Pertuli-

115 681 172 742 ani
199 683 335 747 nomine
358 680 547 762 inscriptum
571 678 754 741 luculentus
778 678 873 742 testis
898 681 948 741 est
971 677 1067 742 codex
1090 679 1125 755 P,
1151 681 1205 762 qui
1224 682 1329 745 nescio

113 806 154 849 an
183 806 224 851 ex
250 789 330 871 ipsis
354 787 477 851 laciniis
503 786 620 849 ueteris
644 784 809 849 Nazariani
832 785 905 849 libri
929 786 1107 868 descriptus
1132 787 1184 851 sit.

214 894 341 959 Codex
364 894 524 958 Pithoei.
550 912 585 955 er
611 910 672 973 quo
696 892 824 955 iuratus
840 892 879 955 ad
897 892 1020 955 Paulis.
1037 892 1150 957 Patrio.
1167 897 1250 957 1585
1266 895 1329 976 pri-
1360 890 1380 940 Ρ

111 1019 192 1063 mus
209 1020 339 1066 cannen
356 1002 393 1065 de
409 1002 484 1065 lona
500 1003 531 1063 et
546 998 662 1062 Niniue
678 998 777 1061 edidit
787 998 973 1061 Tertulliani
989 998 1115 1062 nomine
1130 999 1327 1082 inscriptum.

112 1104 301 1171 (alberoni
316 1106 530 1190 apographum
555 1104 743 1169 mendosum
768 1106 867 1171 fuisse
892 1105 1028 1171 uidetur.

212 1214 431 1296 Interpolatus
450 1218 556 1277 textus
577 1212 733 1277 duorum
754 1212 969 1277 carminum.
986 1212 1232 1282 TsnTeLLlANl
1248 1234 1327 1294 quae

112 1321 280 1393 feruntur,
299 1342 392 1403 quem
407 1324 512 1384 tamen
529 1339 640 1384 uerum
654 1319 783 1403 putauit
802 1320 836 1382 L.
857 1320 993 1381 Mueller
1011 1320 1095 1383 Mus.
1116 1320 1214 1383 Rben.
1237 1322 1325 1384 lixll

109 1448 141 1508 p.
172 1429 247 1491 332
273 1449 352 1510 sqq..
376 1430 451 1511 post
473 1428 664 1491 Muellerum
698 1425 909 1500 Hartelius1).
944 1444 982 1487 er
1017 1424 1325 1491 Cluniacensium

108 1534 319 1599 bibliotheca
334 1534 493 1601 manauit:
515 1534 638 1597 seilicet
656 1534 738 1596 inter
758 1532 1031 1596 Cluniacenses
1051 1531 1148 1595 libros
1167 1532 1199 1595 in
1219 1536 1325 1598 uetere

108 1640 269 1725 catalogo
297 1642 392 1705 codex
418 1642 481 1705 526
506 1640 552 1705 sic
576 1639 782 1703 describitur:
841 1715 855 1744 υ

258 1747 416 1811 Volumen
445 1748 476 1810 in
507 1766 568 1827 quo
597 1746 799 1811 continentur
822 1746 990 1814 ldueneus.
1017 1746 1176 1814 sedulius.
1201 1746 1322 1812 Arator.

210 1855 359 1937 Prosper.
395 1854 578 1935 quoddam
613 1856 770 1916 metrum
804 1852 1027 1931 Tertuliani‚
1058 1852 1145 1916 Cato.
1169 1854 1322 1919 Auianus.

210 1962 349 2041 quedam
377 1960 501 2023 diueree
531 1959 735 2023 collectiones
764 1977 915 2021 uersuum
944 1958 1140 2023 diuersomm
1169 1964 1321 2024 actomm.

206 2066 283 2130 libri
306 2066 436 2130 Archini
461 2062 543 2151 [leg.
568 2062 717 2151 Alcbimi]
748 2064 898 2147 episcopi,
924 2082 973 2127 ars
1001 2065 1115 2128 Isidori
1149 2065 1186 2129 de
1220 2085 1321 2149 gram-

207 2173 328 2235 metica
352 2172 444 2237 etde
469 2170 647 2253 disciplinis
671 2171 804 2234 aliarum
829 2170 954 2233 artium.

206 2278 270 2342 Hie
304 2279 384 2342 liber
417 2278 455 2343 ad
488 2282 595 2343 nostra
624 2282 766 2360 tempora
789 2276 896 2348 rrenit3
922 2280 971 2339 est
995 2278 1079 2339 enim
1103 2277 1321 2341 nobilissimus
1350 2272 1374 2321 V

112 2385 200 2448 liber
226 2385 342 2448 Alcimi
375 2385 752 2467 Lugduno-Batauus
786 2382 891 2448 Voss.
917 2383 980 2447 lat.
1007 2380 1033 2461 Q
1063 2386 1104 2447 86
1128 2385 1259 2449 membr.
1294 2404 1319 2447 s,

114 2492 224 2574 l'llll,
252 2511 345 2572 quem
370 2493 549 2557 accuratius
574 2491 726 2573 descripsi
751 2491 781 2554 in
805 2491 965 2572 prooemio
989 2491 1138 2555 Auitiano
1158 2512 1188 2574 p.
1208 2491 1318 2555 LXVI.

111 2598 156 2662 ibi
182 2599 205 2662 f.
233 2601 288 2662 81⁰
313 2600 353 2663 ad
377 2601 451 2664 85³:
475 2600 507 2662 iu
532 2598 642 2664 christi
676 2599 802 2662 nomine
834 2598 947 2680 incipit
979 2598 1117 2664 dictatus
1145 2598 1318 2662 tertuliani

113 2707 251 2770 metrica
283 2709 348 2770 arte
383 2705 570 2770 constricius
599 2705 630 2767 in
659 2705 769 2787 primis
795 2705 832 2768 de
861 2705 1004 2769 incendio
1030 2705 1249 2770 Sodomorum.
1274 2745 1318 2754 -

115 2812 152 2875 «le
189 2811 336 2878 Sodomis
370 2811 563 2893 explicitum.
598 2810 635 2872 de
670 2811 752 2872 lone.
780 2810 884 2874 --de
918 2811 995 2873 lona
1018 2811 1211 2893 explicitum.
1236 2813 1314 2875 finit.

208 2919 343 2982 contulit
381 2917 519 2982 codicem
560 2917 591 2980 L.
632 2915 767 2980 Mueller
809 2919 893 2984 Mus.
932 2919 1030 2982 llben.
1074 2918 1163 2980 XXII
1203 2919 1315 2989 (le'll

115 3045 146 3106 p.
172 3026 237 3088 328
262 3045 329 3106 sqq.
355 3024 467 3088 dubios
493 3024 614 3105 aliquot
636 3024 723 3086 locos
748 3044 854 3086 meum
879 3025 910 3086 in
934 3044 1028 3086 usum
1054 3023 1156 3087 denuo
1180 3025 1314 3107 inspexit

116 3149 148 3194 u.
175 3131 204 3193 d.
230 3131 265 3194 do
291 3131 390 3195 Vries,

208 3239 339 3302 alterum
364 3238 458 3302 buius
484 3238 606 3320 generis
631 3238 789 3319 exemplar
812 3243 862 3300 est
885 3236 1190 3300 Vindobonensis
1217 3239 1257 3300 lb'
1286 3259 1311 3302 s.
1343 3228 1368 3280 T

123 3343 224 3410 l'llll.
246 3347 317 3426 post
342 3341 512 3408 Oeblerum
538 3342 739 3428 (l'ertulliani
764 3363 857 3425 opera
880 3343 911 3406 ll
936 3341 1012 3418 769)
1042 3342 1079 3404 ab
1106 3343 1143 3406 G.
1168 3343 1311 3408 Hartelio

119 3450 271 3518 conlatus.
296 3451 349 3532 qui
375 3451 478 3514 solum
504 3449 540 3511 de
566 3450 640 3512 lona
668 3449 822 3531 propbeta
856 3467 980 3510 cannen
1009 3449 1106 3511 habet
1129 3449 1311 3514 l'ertuliano

118 3555 317 3638 adscriptum.

208 3664 343 3728 codicem
366 3663 465 3728 Paris,
492 3665 572 3726 8:321
604 3662 848 3744 (l'olbertinum)
873 3681 898 3726 s.
923 3663 991 3726 XV.
1016 3663 1048 3726 in
1078 3681 1139 3743 quo
1165 3663 1309 3745 Cypriani

118 3767 258 3836 Sodoma.
283 3790 342 3834 nou
367 3770 443 3834 uidi.

207 3876 254 3942 ΑΙ)
274 3891 490 3945 SENA‘POREM
520 3895 643 3940 carmen
667 3881 790 3958 praeter
810 3875 840 3937 Ρ
862 3877 894 3939 bi
917 3877 989 3940 libri
1011 3876 1146 3939 babent:

208 4086 226 4147 ¹]
237 4084 305 4152 quod
314 4086 447 4138 minorest
457 4086 484 4138 in
499 4087 676 4140 l'Tnumerus
692 4087 834 4138 elisionum
848 4086 1009 4154 sublataque
1024 4087 1051 4138 in
1063 4086 1100 4136 eis
1116 4087 1178 4136 sunt
1188 4087 1307 4136 monstra

118 4169 245 4236 quaedam
264 4179 289 4226 et
307 4174 418 4226 metrica
438 4178 466 4227 et
484 4173 667 4242 grammatica.
687 4172 749 4226 inde
760 4190 814 4225 non
827 4178 900 4226 recte
908 4171 1118 4225 concludebatur
1137 4169 1169 4222 nel
1189 4171 1307 4222 auctoris

118 4255 202 4308 uerba
219 4262 319 4329 propius
339 4261 462 4314 accedere
482 4261 531 4314 hos
550 4262 641 4316 libros.
671 4279 722 4330 quo
744 4267 834 4314 tamen
854 4262 971 4330 priorum
992 4261 1125 4314 editorum
1144 4276 1198 4312 non
1217 4260 1305 4310 miuu-

117 4345 180 4398 itur
195 4348 316 4407 meritum,
335 4366 447 4418 quomnr
469 4350 589 4402 sollertia
604 4349 703 4402 lectum
720 4358 769 4412 est,
791 4354 820 4401 nt
840 4367 887 4402 nos
906 4350 1007 4402 rectius
1026 4348 1144 4402 iudicare
1156 4363 1305 4418 possemne.

1231 4452 1264 4505 'bt
