3167 4975
552 277 739 347 Cypriani
768 275 1059 346 heptateuchos

443 470 585 552 proiecta
605 469 708 533 factus
732 469 830 552 uirga,
855 468 899 531 nil
923 469 1073 552 sanguine
1097 470 1189 534 rubro

441 574 556 638 mutati
581 575 700 656 cogunt
722 591 839 646 amnes,
864 572 908 636 nil
931 572 1056 637 mobilis
1080 575 1173 640 unda.

441 678 584 762 piscibus
609 678 754 743 extinctis
777 677 862 742 tristi
885 677 997 741 uitiata
1019 680 1126 758 fetore,

249 788 313 850 270
347 801 429 855 1122
447 785 562 850 idcirco
587 783 734 867 quoniam
757 787 851 848 cantu
874 783 1034 847 succincta
1057 785 1182 852 sinistro

440 912 529 956 mens
554 891 685 973 profana
708 891 813 954 uirum
836 890 963 973 paribus
987 891 1121 956 callebat
1142 893 1174 956 in
1196 895 1285 961 actis.

315 997 338 1062 8
401 1013 417 1065 7
442 997 516 1079 quin
540 997 636 1061 etiam
660 996 780 1061 similes
804 995 924 1060 faciunt
945 1015 1108 1078 prorepere
1131 1017 1220 1062 ranas

441 1122 503 1186 qua
527 1102 635 1173 tellus,
658 1120 721 1185 qua
742 1101 860 1166 fluctus
884 1104 960 1178 erat,
983 1102 1172 1184 paribusque
1196 1105 1340 1167 creantur

440 1227 603 1291 magorum
629 1226 740 1272 canore
762 1206 877 1282 modis,
902 1225 979 1288 quas
1002 1226 1080 1272 uoce
1104 1208 1242 1291 crepanti

245 1315 309 1379 275
447 1317 561 1378 cuncta
582 1318 749 1378 coaxantes
773 1313 898 1378 studuit
920 1312 1074 1396 depellere
1097 1319 1197 1382 uates.

352 1437 419 1490 914
442 1418 626 1483 fluminibus
650 1421 776 1482 tautum
799 1439 859 1484 non
883 1437 995 1500 passus
1019 1419 1123 1485 defore
1146 1425 1263 1486 suetas.

441 1523 583 1588 oblatum
607 1525 639 1588 id
662 1525 738 1608 regi,
763 1525 792 1590 si
814 1528 937 1608 pestem
962 1526 1093 1591 euadere
1117 1528 1215 1591 uellet

446 1629 562 1694 orantis
585 1649 641 1713 per
662 1632 741 1693 uota
763 1631 858 1704 senis,
882 1633 919 1694 ut
943 1630 1066 1695 deinde·
1076 1632 1211 1714 liqueret

442 1754 503 1799 non
528 1735 624 1798 alium
648 1753 777 1818 regnare
801 1735 913 1800 deum:
937 1737 990 1800 lux
1014 1736 1148 1802 crastina
1171 1739 1257 1804 caelo

246 1842 310 1904 280
444 1839 586 1903 redditur
607 1842 701 1922 atque
725 1840 833 1904 eadem
857 1843 987 1906 cunetae
1011 1841 1049 1906 de
1071 1845 1171 1907 morte
1194 1847 1345 1908 necantur

441 1948 670 2028 congestasque
694 1945 790 2010 simul
814 1945 884 2012 odio
909 1947 1075 2011 soluuntur
1096 1949 1216 2013 acerbo.

385 2068 419 2121 16
444 2052 616 2135 gignuntur
638 2051 765 2116 scinifes
787 2070 917 2134 propere
940 2072 995 2136 per
1018 2071 1146 2136 corpora
1168 2057 1280 2120 cuncta

440 2157 676 2239 quadrupedum
686 2156 1221 2242 hominumque<simul>tellusque
1231 2160 1378 2243 repletur.

387 2278 420 2331 18
444 2263 503 2327 hoc
527 2262 621 2326 etiam
645 2261 802 2326 Chaldaea
825 2262 936 2328 cohors
959 2264 1069 2328 molita
1091 2264 1208 2328 fatetur
1284 2307 1285 2311 =

244 2371 308 2433 285
390 2385 422 2437 19
447 2387 516 2431 esse
539 2386 665 2431 manum
691 2367 818 2442 domini,
844 2386 1012 2450 curamque
1037 2368 1155 2433 omittit
1177 2370 1310 2434 inanem.

385 2487 419 2541 24
486 2471 546 2537 His
569 2471 648 2537 actis
672 2472 835 2556 cynomyia
857 2472 938 2550 fluit,
963 2492 1041 2556 quae
1064 2495 1175 2540 musea
1199 2475 1307 2540 canina

444 2577 567 2653 dicitur,
592 2580 625 2642 et
645 2578 729 2641 uatis
754 2579 915 2662 conpleuit
936 2578 1065 2643 nutibus
1091 2599 1198 2646 omnes

387 2697 421 2750 22
446 2682 618 2764 exspatiata
640 2681 727 2746 locos
750 2683 873 2765 solique
896 2682 974 2746 haut
996 2684 1121 2767 cognita
1145 2684 1273 2765 (iassae,

446 2806 524 2869 quae
547 2792 616 2851 tum
640 2789 722 2851 terra
743 2787 806 2852 fuit
827 2788 961 2852 Iudaeae
985 2790 1149 2854 commoda
1171 2792 1267 2875 genti,

245 2894 308 2958 290
444 2892 537 2955 traxit
559 2892 771 2968 inexhaustos,
796 2911 993 2975 quacumque
1017 2897 1067 2959 est
1088 2898 1167 2971 acta,
1192 2895 1325 2963 dolores.

327 3014 361 3066 25
372 3029 430 3082 sqq.
442 3002 510 3060 tum
533 3015 607 3061 uero
631 2997 737 3061 uictus
760 2997 902 3062 Pharoou
926 2998 1091 3063 abscedere
1114 3002 1250 3075 mandat,

443 3105 476 3167 et
500 3121 698 3185 quocumque
721 3103 824 3167 uelint
845 3103 1017 3187 migrantes
1039 3124 1181 3188 promere
1205 3124 1343 3189 gressus,

443 3224 479 3271 ac
503 3206 588 3271 uotis
612 3207 730 3273 seruire
754 3208 830 3283 deo;
855 3208 1031 3291 pariterque
1053 3216 1207 3293 precatur,

328 3432 391 3500 286]
401 3431 529 3503 Exempla
537 3436 676 3501 poetarum
687 3432 728 3487 ed.
738 3433 772 3487 Η,
781 3433 843 3487 Keil
854 3451 879 3487 u.
891 3436 942 3488 196
954 3453 960 3487 :
979 3435 1170 3489 His-dicitur.
1198 3437 1267 3490 Miro
1279 3456 1285 3491 :
1295 3438 1380 3493 Hie-

243 3520 347 3574 eauina.
375 3519 521 3573 Alohimus.
553 3518 629 3573 Beda
647 3519 680 3573 de
700 3520 818 3590 ortlrogr.
837 3538 863 3591 p.
883 3522 899 3576 6
918 3520 967 3577 G.:
988 3522 1136 3595 „Konopeion
1163 3541 1211 3593 per
1235 3541 1254 3595 y
1281 3525 1382 3595 scripte

241 3608 365 3663 caninum
382 3624 501 3662 muscam
520 3608 669 3677 significat“
690 3611 768 3678 etus.

275 3816 328 3870 208
345 3815 444 3870 mutati
457 3816 483 3870 A
503 3831 570 3870 corr.
585 3833 603 3868 π
675 3816 727 3870 209
747 3816 885 3870 exstinctis
900 3818 926 3870 A
975 3818 1076 3873 foetore
1091 3821 1119 3873 A
1199 3822 1251 3876 275
1270 3824 1341 3878 uatis
1356 3825 1382 3878 A

241 3903 292 3957 282
305 3903 439 3968 oin.)<A
484 3902 536 3956 283
551 3902 782 3972 quadripedumA
819 3902 898 3956 simul
913 3905 999 3957 onaA
1015 3905 1079 3961 add.
1089 3924 1112 3975 p
1158 3908 1210 3961 286
1225 3912 1384 3979 cynomiaA

240 3992 317 4047 Miro
347 4008 477 4062 cynomya
495 3992 617 4059 meropia
685 3991 736 4044 287
756 3991 870 4045 nubibus
890 4012 906 4043 π
975 3993 1026 4047 288
1045 3993 1144 4064 hautp
1163 4001 1210 4051 aut
1223 3998 1251 4051 A
1290 4000 1382 4071 incog-

243 4080 303 4133 nita
315 4098 333 4132 π
370 4094 449 4150 garae
464 4079 491 4130 A
510 4095 577 4133 corr.
591 4098 609 4129 π
677 4077 728 4130 290
746 4078 919 4132 inexhaustus
933 4079 961 4132 A
979 4094 1045 4135 corr.
1060 4100 1078 4133 π
1145 4084 1197 4138 292
1215 4086 1343 4142 miranter
1355 4088 1384 4143 A

241 4180 310 4222 corr.
320 4183 343 4235 p
396 4167 449 4220 293
463 4166 644 4235 praooutnrA
