3167 4975
585 369 831 422 Prooemium.
1226 350 1300 415 XXI

202 548 241 610 lin
264 548 357 609 buius
381 546 454 610 libri
479 545 660 629 apographo
695 546 853 611 loannes
888 545 1094 609 Sichardus
1117 545 1238 628 primus
1263 546 1301 608 de

128 654 365 717 Maccahaeorum
388 653 537 736 martyrio
563 672 686 717 carmen
711 652 811 716 edidit
830 653 860 715 in
879 653 960 717 lihro
984 652 1175 724 „Antidoton
1195 656 1303 715 contra

128 761 248 823 diuersas
262 760 403 823 omniurn
418 760 481 823 lere
501 759 701 823 saeculorum
717 759 864 822 haereses
885 810 891 821 .
914 811 920 823 .
943 759 1110 824 ‚Basileae
1129 758 1304 822 aucudehat

128 867 260 931 Henncus
285 867 411 936 Petrus.
435 886 543 929 mense
559 868 705 949 Arsgusto
722 885 801 929 anno
817 866 1037 929 MDXXVlIl⁶
1065 866 1131 941 foa,
1155 866 1176 928 f.
1203 866 1303 928 79³-

128 974 213 1059 83¹1).
239 973 379 1038 Siohardi
404 974 561 1056 exemplar
584 974 698 1037 iterum
723 974 808 1055 typis
833 966 1073 1037 describendum
1094 972 1227 1039 curauit.
1247 972 1303 1036 sed

127 1081 231 1145 mendis
260 1081 469 1163 inquinatum.
503 1082 658 1144 lohannes
692 1081 812 1144 Herold
850 1081 880 1142 in
919 1080 1168 1163 Haeresiologia.
1208 1098 1303 1160 quam

127 1188 249 1251 Basileae
271 1188 400 1251 Henrici
424 1189 504 1269 petri
529 1188 644 1270 praelis
679 1188 833 1270 expressit
865 1208 892 1250 a.
929 1189 1014 1251 1556
1050 1188 1124 1258 fol:
1149 1187 1304 1267 tertioque

128 1293 262 1376 Georgius
276 1293 441 1357 Fabricius
459 1295 490 1357 in
507 1294 676 1357 Poetarum
692 1296 837 1357 ueterum
853 1293 1140 1357 ecclesiasticorum
1155 1292 1305 1375 operibus

127 1400 292 1467 christianis.
310 1401 456 1466 Basileae
476 1421 532 1484 per
547 1400 719 1483 Oporinurn
740 1401 798 1484 [M.
815 1401 853 1464 D.
870 1401 1002 1486 LXllll)
1018 1406 1051 1463 4υ
1065 1422 1095 1482 p.
1116 1401 1304 1472 aaa-453,

127 1506 237 1586 quinon
254 1526 371 1591 paucos
391 1508 479 1572 locos
500 1508 681 1572 coniectura
699 1508 839 1571 mutauit
849 1506 885 1591 Ἰ).
920 1507 975 1589 qui
1002 1510 1113 1591 postea
1141 1505 1306 1570 edidemnt

128 1630 157 1674 er
177 1613 375 1679 deterioribus
400 1614 563 1679 codicibus
588 1614 783 1695 aliquantum
811 1613 1032 1677 Corbeieuscrn
1055 1614 1178 1676 tentum
1202 1630 1305 1675 emen-

127 1719 186 1783 dare
199 1721 392 1785 studuerunt.
414 1722 465 1803 qui
487 1724 603 1795 tamen,
629 1738 821 1801 quamquam
842 1721 881 1783 ab
901 1720 1021 1803 origine
1045 1720 1187 1785 nonnihil
1206 1719 1306 1783 honae

126 1826 212 1909 frugis
233 1829 375 1903 inhaesit.
403 1832 467 1892 tam
498 1829 664 1911 corruptus
683 1830 741 1891 est.
759 1830 796 1889 ut
815 1846 853 1903 ne
877 1827 909 1889 in
929 1826 1164 1891 adnotationem
1179 1825 1306 1908 quidem

128 1934 186 1997 eius
214 1935 361 2001 lectiones
395 1936 561 2000 debuerint
593 1934 691 2017 recipi
723 1933 784 1998 nisi
824 1934 1045 2016 paucissimae.
1078 1937 1111 1997 et
1147 1935 1306 2015 praestare

128 2039 216 2103 uisum
239 2042 279 2105 sit
302 2042 506 2106 Sichardiano
531 2042 633 2105 textui
657 2041 867 2109 subscribere.

200 2148 373 2213 Deteriores
398 2150 660 2213 Maccahaeorum
685 2149 811 2213 codices
841 2168 935 2231 quarn
961 2148 993 2210 P
1016 2151 1048 2211 et.
1065 2144 1305 2229 inter·polati:³l

200 2255 355 2320 Parisinus
381 2257 467 2319 8093
492 2274 516 2319 s.
542 2255 645 2319 Vllll,
671 2257 817 2336 exparte
842 2276 867 2319 s.
892 2256 931 2319 X.
961 2255 1102 2318 continet
1130 2252 1305 2337 Sedulium,
1334 2267 1361 2319 Β

129 2361 268 2438 Catonem,
300 2362 436 2445 Eugenii
468 2361 582 2426 Isidori
614 2362 741 2425 Martini
775 2360 958 2425 Dumiensis
990 2360 1121 2424 Damasi
1159 2358 1305 2422 carmina.

129 2465 272 2533 lhaodulfi
289 2469 444 2551 quaedam
456 2469 504 2553 (n.
517 2469 777 2534 DuemmlerNA
792 2469 835 2532 ll'
846 2468 935 2553 245).
956 2466 1096 2532 Hilarii
1111 2466 1153 2530 de
1167 2465 1306 2530 Macca-

131 2573 218 2639 haeis
232 2577 575 2660 carmenllergiliana
586 2577 664 2664 (uid.
676 2576 783 2640 Naeke
794 2577 833 2640 ad
844 2577 1005 2640 Valerium
1014 2575 1164 2638 Catonem
1174 2594 1204 2655 p.
1217 2572 1306 2641 saal.

131 2681 359 2747 ‚luienitahulas
380 2683 451 2746 alia.
476 2683 566 2746 breui
588 2683 714 2747 Riesius
740 2683 908 2764 descripsit
930 2682 984 2745 AL
1016 2683 1046 2745 ll
1079 2703 1109 2764 p.
1147 2681 1221 2744 XXI
1260 2699 1306 2760 sq.

208 2917 226 2981 ¹)
252 2913 397 2983 Gregorius
427 2913 560 2982 Gyraldus
588 2913 616 2966 in
646 2912 754 2982 dialogo
783 2913 816 2966 de
844 2915 932 2983 poetis
959 2913 1006 2967 ubi
1028 2914 1143 2966 Marium
1161 2913 1309 2966 Victoriam

131 3001 206 3054 lirum
224 3019 300 3056 uersu
319 3003 426 3056 heroico
446 3005 548 3071 septem
568 3001 788 3055 Maccahaeorum
808 3003 919 3056 fratrum
933 3019 1025 3056 necem
1041 3003 1213 3074 descripsisse
1232 3003 1308 3057 dixit.

132 3091 217 3159 pergit:
237 3092 323 3162 „quod
342 3109 396 3144 non
415 3091 501 3144 multo
521 3095 583 3143 ante
602 3107 699 3161 poema
717 3091 781 3160 legi.
803 3108 896 3160 parurn
922 3092 987 3144 licet
1009 3092 1180 3160 castigatum.
1203 3095 1309 3161 praeter

132 3179 188 3232 enim
205 3181 332 3235 fanestras
353 3197 421 3250 quac
441 3181 467 3234 in
489 3196 520 3233 eo
539 3183 664 3250 patentes
684 3179 829 3249 pleraeque
858 3180 985 3243 existunt,
1013 3181 1173 3235 uacillantes
1201 3196 1308 3248 quoque

130 3267 229 3334 syllabas
246 3273 272 3322 et
290 3268 374 3340 pedes
390 3267 573 3322 offendimus
587 3267 708 3322 Sichardi
723 3285 776 3320 non
784 3266 896 3320 dubium
913 3269 976 3337 quin
992 3269 1127 3339 exemplar
1140 3273 1203 3322 ante
1218 3269 1308 3321 oculos

130 3354 241 3417 hahuerit,
259 3376 312 3411 non
331 3357 460 3426 scriptum
480 3356 598 3426 aliquem
616 3355 724 3410 librum.

204 3447 222 3510 ²)
242 3445 444 3501 Sichsrdianum
472 3447 607 3515 exemplar
634 3445 752 3499 Fabricii
775 3463 857 3499 manu
885 3451 1032 3500 correctum
1060 3446 1183 3516 possidet
1209 3445 1309 3499 hihlio-

132 3531 196 3586 theca
213 3537 279 3604 regia
298 3535 469 3590 Drasdensis.

204 3625 223 3690 ³)
247 3625 290 3680 .P.
314 3623 441 3678 Lahheus
462 3625 490 3677 in
502 3623 690 3678 dissertatione
710 3623 839 3677 historica
859 3624 891 3677 de
905 3626 1043 3678 Victorino
1059 3624 1188 3694 quosdam
1204 3623 1309 3676 codices

134 3707 243 3764 Hilarium
261 3713 442 3783 praeferentes
463 3717 660 3766 commemorat.
681 3711 804 3766 Oudinus
827 3715 909 3768 etiam
925 3719 990 3770 tom.
1006 3715 1038 3767 V.
1054 3714 1086 3767 de
1101 3712 1205 3785 scripti.
1216 3711 1309 3766 eccles.

134 3813 154 3864 p.
173 3799 232 3855 1230
250 3807 363 3872 quatuor
381 3803 444 3857 diss.
465 3801 625 3872 exemplaria
643 3801 747 3854 Hilario
767 3803 840 3855 idern
859 3821 964 3858 cannen
984 3802 1168 3857 adiudicantia
1180 3803 1309 3862 recenset,

138 3886 239 3942 cinnum
263 3893 315 3946 tria
344 3891 500 3946 Colbertina
529 3893 606 3953 1512,
635 3891 706 3945 3892
739 3896 766 3944 et
798 3893 870 3946 4734
901 3911 933 3947 sc
959 3910 1041 3946 unum
1068 3891 1140 3944 inter
1172 3907 1254 3944 suos.
1276 3929 1306 3942 ..

138 3989 225 4029 suorum
242 3981 359 4035 comeum
378 3979 513 4050 praesidio
531 3980 571 4033 ita
591 3995 618 4032 ss
649 3996 753 4034 carmen
781 3981 832 4035 hoc
861 3981 1017 4035 emendasse
1045 3978 1168 4034 Oudinus
1194 3977 1307 4040 monuit,

140 4064 248 4120 utuouum
255 4071 361 4124 omnino
369 4087 434 4140 opus
443 4069 528 4122 uideri
539 4069 651 4138 possin.
667 4069 705 4124 sic
718 4069 861 4123 Ballerinii
875 4069 971 4124 tratres
982 4071 1085 4123 innota
1100 4085 1180 4137 quam
1195 4065 1308 4120 editioni

141 4165 189 4204 suae
206 4161 389 4222 praemiserunt
408 4159 517 4225 [Leonis
536 4158 631 4227 Magni
650 4174 732 4227 opera
758 4161 825 4212 tom.
845 4163 871 4216 ll
898 4177 924 4228 p.
952 4157 1023 4226 343).
1052 4155 1123 4210 unde
1150 4157 1227 4224 patet
1253 4171 1306 4208 non

142 4234 298 4381 Corhbeiensem
318 4251 471 4300 contextum
487 4247 513 4300 in
530 4246 690 4300 Oudinianis
710 4245 847 4300 codicibus
863 4247 954 4304 fuisse.
969 4246 1017 4300 sed
1036 4244 1141 4315 qualern
1156 4243 1219 4298 lihri
1228 4241 1309 4295 PBL

143 4341 191 4390 prae
208 4337 253 4387 ant.
