3167 4975
237 357 299 419 176
546 356 735 426 Cypriani
762 357 1055 427 lreptateuchos

315 547 357 612 23
397 566 409 616 1
434 549 552 612 interea
575 549 670 632 longo
694 552 784 613 uetes
808 549 870 612 iam
894 549 997 613 senior
1020 568 1098 614 aeuo

396 671 413 722 2
436 655 573 719 accitum
596 653 902 737 populummorritis
925 655 1072 720 fidelibus
1095 656 1211 740 inplet:

439 759 593 837 „Cernitis
617 765 662 839 ut,
686 761 784 837 ciues,
808 781 859 826 me
882 763 945 826 iam
968 763 1124 846 longaeua
1147 767 1292 830 senectus

235 867 299 930 525
434 866 580 952 ingmuet
603 871 635 931 et
657 871 747 932 motu
770 867 933 932 tardentur
955 869 1095 932 membra
1118 888 1282 952 supremo:

393 990 409 1044 3
434 977 467 1038 st
488 993 571 1038 nunc
595 975 649 1038 uel
670 994 794 1049 moneo,
817 975 880 1052 nel,
905 975 932 1040 si
955 994 1017 1039 non
1040 975 1196 1058 displicet,
1221 997 1284 1054 oro,

436 1085 473 1146 ut
496 1085 602 1147 nestra
625 1082 667 1147 sit
690 1082 758 1146 nita.
780 1083 869 1158 dens,
893 1082 952 1159 lex,
976 1101 1100 1165 semper
1122 1083 1153 1148 in
1178 1103 1239 1161 ore,

434 1190 467 1252 et
488 1207 567 1269 quae
590 1188 783 1270 praestiterit
805 1187 896 1253 nobis
920 1188 1105 1270 cunctisque
1129 1193 1293 1271 parentum

434 1295 587 1377 patribus,
612 1296 742 1360 euoluat
764 1295 897 1360 memori
920 1295 1075 1359 sententis
1098 1295 1144 1360 lat
1168 1346 1175 1360 .

235 1402 299 1464 530
393 1417 411 1468 4
435 1418 570 1481 namque
592 1399 674 1464 feres
697 1403 819 1483 gentes,
844 1418 975 1488 quarum
999 1419 1081 1464 nunc
1104 1387 1201 1484 regna
1223 1403 1346 1470 tenetis.

434 1525 496 1570 non
520 1504 645 1589 gladius
669 1504 792 1569 domuit
814 1508 930 1578 noster,
955 1524 1015 1570 non
1039 1507 1175 1588 perculit
1196 1527 1298 1574 arcus.

432 1611 489 1677 sed
512 1611 669 1689 dominus,
693 1612 748 1693 qui
771 1611 862 1695 signa
884 1611 955 1694 pius
980 1631 1154 1696 agmenque
1177 1615 1320 1698 praeiuit,

434 1717 655 1802 praegrediens
674 1720 808 1792 nosmet,
829 1717 974 1799 quotiens
998 1718 1036 1782 fit
1057 1719 1234 1786 comminus
1252 1722 1371 1797 bostis;

394 1841 410 1894 5
434 1825 489 1907 qni
510 1825 645 1907 populos
668 1825 774 1889 tantos
798 1823 902 1908 gelida
925 1824 1090 1891 lomrirline
1113 1827 1211 1890 misse

149 1916 152 1926 ¹
233 1933 297 1997 535
433 1930 575 1996 subdidit
597 1950 633 1994 ac
654 1950 745 2015 reges
768 1931 874 1995 noluit
896 1933 1101 1998 succumbere
1124 1934 1232 2010 nobie;

434 2037 550 2120 quique
573 2056 685 2120 parans
708 2056 828 2102 uacuos
851 2039 968 2104 nostris
991 2033 1167 2104 cultoribus
1190 2059 1281 2125 agros

435 2145 510 2226 post
530 2143 650 2206 bellum
674 2147 768 2226 atque
792 2164 878 2209 arma
900 2145 982 2210 feras
1004 2149 1213 2229 prorumpere
1227 2147 1331 2225 iussit,

433 2253 471 2314 nt
492 2250 646 2332 reliquam
670 2253 791 2332 partem
815 2252 980 2318 conductis
1003 2252 1161 2318 morsibus
1185 2257 1299 2320 essent.

433 2373 506 2438 ergo
530 2355 614 2438 agite
637 2358 670 2420 et
691 2360 823 2438 pontum
848 2358 1001 2422 siccatum
1025 2358 1136 2423 discite
1159 2360 1251 2424 uobis

431 2461 620 2545 insuetoque
642 2463 736 2531 modo
759 2464 895 2529 fluuium
919 2453 1050 2532 sistente
1073 2469 1179 2531 meatu
1342 2453 1345 2460 ’

433 2571 624 2645 concretum,
648 2571 753 2637 tenuis
777 2571 966 2637 sinendum
989 2573 1125 2656 desuper
1147 2574 1231 2638 unda

431 2674 596 2758 stringitur
618 2676 648 2740 in
673 2678 808 2761 glaciem
832 2678 969 2743 calidum
993 2679 1104 2745 durata
1124 2700 1179 2764 per
1202 2683 1341 2745 aestum:

430 2786 468 2846 nt
490 2782 567 2847 dens
590 2782 723 2848 inmensi
746 2804 802 2867 per
825 2786 929 2850 saecla
950 2785 1092 2871 ingentia
1113 2786 1188 2852 facti

432 2890 567 2973 accipiat
588 2890 717 2954 meritas
741 2890 861 2955 laudes.
886 2890 961 2954 dum
985 2888 1122 2957 consona
1144 2896 1257 2977 plausu

232 3000 295 3063 545
431 2998 540 3081 lingua
562 2998 647 3062 canit
668 2998 713 3060 nil
736 3016 805 3062 csse
830 2998 923 3061 deum
948 2999 1116 3065 sublimius
1140 3020 1213 3066 uno.

390 3119 407 3171 6
430 3104 561 3187 pergite,
585 3123 647 3186 quo
671 3104 760 3169 ducit
783 3104 895 3170 docilis
919 3106 1075 3170 sententia
1096 3107 1195 3191 legis:

392 3229 407 3280 7
431 3230 469 3275 ne
492 3210 590 3276 uariis
613 3214 704 3274 actus
728 3212 787 3275 sub
811 3210 942 3276 flexibus
966 3212 1103 3277 ambitus
1128 3218 1218 3279 erret.

312 3319 409 3389 241(
430 3318 517 3383 idola
538 3317 627 3381 nulla
648 3316 752 3380 uirum
777 3316 903 3381 deuicta
926 3337 961 3381 er
984 3320 1270 3403 gentesupersint.

431 3424 474 3488 sit
497 3424 643 3488 dominns
667 3422 759 3487 nobis
782 3423 861 3487 dens
885 3423 1002 3489 arduus
1025 3428 1057 3488 et
1079 3425 1157 3490 dens
1181 3426 1301 3510 ingens.

266 3584 318 3637 522
337 3582 448 3636 natisL
503 3583 556 3636 523
574 3582 670 3652 implet
683 3584 710 3637 A
765 3582 816 3635 525
837 3586 864 3636 et
883 3598 935 3636 orn.
950 3582 977 3635 L
995 3583 1060 3637 cdd.
1075 3604 1092 3636 π
1129 3583 1336 3640 ardentnrcorr.
1347 3604 1369 3655 p

229 3670 371 3741 subpremo
386 3672 412 3724 B
468 3672 519 3726 527
533 3674 555 3739 s.
570 3676 660 3725 uestro
670 3689 692 3739 p
746 3671 799 3725 529
814 3670 947 3741 patribus]
962 3672 1155 3742 parentibusB
1210 3674 1263 3728 530
1276 3674 1369 3728 scraB

228 3755 348 3816 urceis
363 3762 389 3814 B
443 3762 496 3815 532
507 3762 685 3831 qucpracinit
698 3782 715 3815 rr
735 3761 781 3830 qni
800 3761 904 3831 spreuit
917 3761 944 3814 A
963 3761 1023 3832 quis
1041 3762 1132 3832 prpuit
1144 3762 1171 3816 B
1231 3762 1284 3819 533
1303 3780 1368 3833 quo·

227 3849 280 3902 ties
303 3848 330 3901 A
358 3849 488 3919 qnotifjes
510 3848 537 3901 B
582 3849 720 3903 conminus
745 3850 770 3901 B
869 3848 920 3903 535
948 3847 1058 3903 subdita
1084 3866 1180 3920 greges
1203 3850 1230 3905 L
1256 3868 1324 3907 corr.
1352 3874 1369 3905 π

229 3937 281 3991 536
300 3936 449 3990 culturibns
463 3936 490 3989 L
575 3937 626 3990 537
646 3940 728 4006 atque
741 3938 769 3990 A
788 3936 875 4006 adque
890 3936 917 3989 B
935 3940 1051 4007 postque
1065 3956 1082 3989 π
1166 3939 1219 3993 538
1237 3939 1368 3995 morsibus

227 4029 318 4080 essent
336 4025 459 4080 abscessu
472 4027 499 4079 A
552 4025 605 4079 539
624 4025 719 4080 discite
734 4044 752 4076 11
770 4023 852 4079 dicite
867 4025 894 4078 L
956 4026 1006 4079 541
1027 4027 1145 4081 tenuisse
1164 4044 1192 4081 se
1210 4028 1329 4084 nondum
1343 4032 1369 4083 L

227 4129 324 4182 comp
359 4112 540 4168 Mtassdco?
568 4113 718 4168 sublimius.
731 4114 939 4185 VnsPergitcu
976 4114 1557 4211 5465111125πῶ(εςῑπῧωὸδΑΒ

227 4202 279 4255 547
299 4202 334 4255 ab
352 4202 406 4256 tac
423 4218 451 4255 u.
474 4202 497 4255 0
507 4204 533 4269 s.
554 4206 592 4255 96
609 4220 637 4257 u.
657 4220 696 4256 ex.
734 4208 807 4257 esset-
825 4222 841 4253 π
937 4203 989 4257 548
1008 4203 1116 4259 deuicta
1136 4222 1166 4259 ex
1185 4208 1223 4277 g]
1242 4206 1275 4262 de
1294 4209 1368 4264 nicta
1397 4232 1464 4294 (ωΞ
1551 4263 1557 4278 ,

227 4293 308 4359 gente
327 4308 345 4341 π
399 4289 505 4344 densC
520 4290 608 4345 dnsL
1403 4299 1539 4368 L=ABp
