3167 4975
247 333 324 388 XLII
698 335 940 404 Prolcgomona.

248 511 365 591 reddet,
401 509 444 573 20
473 510 542 572 aine
573 509 727 574 crimine:
761 513 829 576 sine
859 513 1023 577 mendacio
1053 514 1173 579 homeri
1204 518 1235 578 et
1265 515 1391 597 uirgilii,

249 614 289 678 21
313 604 431 678 metus:
453 615 601 680 subaudi:
626 615 715 681 adest
737 617 825 697 mihi,
848 615 891 679 22
913 615 1098 680 subtrahet:
1121 619 1171 699 ab,
1195 616 1237 681 23
1251 617 1392 704 flammi·

249 741 360 783 noma:
397 719 526 784 flamma
556 720 687 785 ferente.
742 721 871 786 Glossas
903 723 1099 787 theutonicas
1137 742 1217 806 quac
1248 724 1392 788 similiter

248 827 382 908 scriptae
399 827 429 890 in
447 825 605 890 codicibus
622 826 755 891 diuersis
771 828 929 911 leguntur,
946 829 1140 912 collegerunt
1154 827 1392 912 Steinmeyor

249 935 280 995 et
298 930 447 996 Sieuers
467 931 500 994 in
521 949 612 1013 opere
632 931 700 995 illo:
726 932 1016 997 Althoohdcutsohe
1037 931 1169 998 Glossen
1190 933 1223 996 Il
1238 954 1268 1016 p.
1281 931 1391 1014 asca,

247 1036 338 1100 iricas
368 1037 489 1119 glossas
521 1035 648 1119 collegit
677 1039 707 1100 et
738 1037 904 1120 explicaoit
935 1036 1071 1102 Stokes
1101 1038 1133 1100 in
1163 1036 1311 1121 Bcitrage
1338 1056 1391 1100 zur

248 1139 507 1224 vcrgleichcnden
523 1137 815 1224 Sprachforschung
830 1141 876 1205 IV
891 1138 955 1205 385
968 1161 1004 1222 s.,
1021 1141 1083 1206 Vll
1105 1140 1179 1206 410.
1217 1141 1267 1205 Ad
1291 1160 1391 1226 genus

248 1246 382 1310 alterum
412 1245 576 1309 referunda
607 1249 656 1310 est
685 1245 739 1310 illa
768 1247 945 1329 glossarum
976 1246 1146 1330 congeries,
1178 1264 1273 1328 quam
1297 1246 1392 1311 codex
1424 1229 1428 1237 ¹

247 1349 356 1414 Iunius
379 1349 454 1414 bibl.
472 1349 560 1414 Bodl.
579 1347 621 1412 25
638 1369 663 1414 s.
678 1350 754 1414 Vlll
767 1351 788 1434 ¹)
811 1351 961 1431 continet,
986 1355 1016 1415 et
1039 1352 1163 1435 glossae
1186 1352 1257 1416 illac
1277 1351 1392 1416 latino-

249 1455 413 1534 francicae,
445 1473 523 1537 quas
546 1455 673 1519 Marcus
697 1455 827 1520 Zuerins
850 1455 1048 1520 Bonhornius
1075 1457 1108 1520 in
1135 1456 1299 1520 historiam
1322 1456 1392 1519 uni-

248 1561 414 1640 uersalem,
445 1577 526 1642 qnae
550 1559 747 1624 Francolurti
771 1563 803 1624 et
824 1559 949 1642 Lipsiae
971 1577 999 1624 a.
1019 1558 1103 1623 1675
1124 1560 1247 1643 prodiit,
1274 1560 1392 1644 recepit

248 1665 298 1728 his
321 1663 426 1728 uerbis
449 1683 479 1747 p.
495 1661 574 1728 451:
599 1663 675 1744 ,Nec
698 1668 806 1728 tamen
829 1665 1018 1748 negligenda
1039 1665 1091 1729 hic
1113 1668 1188 1729 sunt
1210 1665 1281 1744 dno,
1312 1683 1391 1747 quae

248 1770 279 1833 in
311 1768 505 1832 membranis
537 1768 764 1850 antiquissimis
794 1769 910 1852 scripta
931 1768 1085 1833 habemus
1107 1769 1260 1852 glossaria
1282 1769 1391 1834 Carolo

249 1874 368 1957 Magno
391 1873 552 1956 iuscripta,
576 1891 612 1936 ax
636 1871 749 1955 quibus
774 1878 806 1938 et
829 1872 985 1937 constabit
1007 1874 1045 1936 de
1068 1873 1201 1937 ueritate
1217 1874 1391 1937 sententiae

250 1996 343 2061 quam
368 1977 570 2060 produximus
594 1981 626 2040 et
647 1977 799 2042 eiusmodi
815 1979 1036 2059 antiquitatum
1054 1977 1184 2042 studiosi
1198 1977 1283 2041 haud
1299 1977 1391 2041 dubie

249 2083 385 2166 plurima
407 2086 514 2165 petere
537 2085 694 2164 poterunt,
718 2101 799 2163 quae
823 2085 858 2146 ut
879 2083 1065 2164 antiquitate
1088 2083 1158 2166 ipsa
1180 2102 1214 2146 se
1233 2100 1392 2147 comman-

249 2187 333 2267 dant,
362 2187 408 2250 ita
431 2190 462 2250 et
485 2186 734 2268 complectuntur
757 2187 839 2251 baud
862 2205 972 2270 pauca,
1001 2205 1037 2250 ex
1060 2186 1174 2268 quibus
1197 2205 1259 2251 non
1282 2204 1391 2268 pauca,

249 2309 327 2374 quae
342 2292 379 2355 ad
391 2309 497 2354 rerum
509 2290 719 2374 cognitionem
732 2292 879 2371 attinent,
895 2292 1015 2356 curiose
1028 2292 1162 2374 origines
1174 2291 1391 2373 indagantium

248 2398 374 2481 ingenia
386 2399 517 2480 possunt
529 2396 682 2479 colligere.
707 2396 851 2459 Primum
863 2398 980 2480 optima
991 2396 1051 2460 fide
1064 2414 1082 2459 a
1094 2395 1183 2460 nobis
1200 2395 1390 2477 descriptum

247 2504 367 2587 ipsiquo
385 2502 494 2567 Carolo
511 2502 554 2565 M.
573 2501 655 2583 quod
677 2503 740 2565 iam
761 2502 894 2565 diximus
915 2503 1100 2585 inscriptum
1124 2501 1168 2565 sic
1189 2500 1300 2564 habet:
1324 2499 1391 2563 An-

248 2626 331 2691 cepS,
349 2608 487 2691 fogolari.
518 2606 650 2687 Aurora,
670 2606 809 2690 tagarod.
840 2606 993 2686 Acerbus,
1008 2607 1115 2689 pittar.
1146 2604 1390 2689 Argumentum,

248 2714 309 2776 list.
342 2732 404 2793 aer,
421 2712 483 2775 lust
495 2762 540 2775 ...
565 2712 708 2791 arduum,
726 2712 846 2775 stechel
862 2711 914 2793 (cf.
928 2712 996 2775 Iun.
1009 2710 1053 2773 IV
1066 2708 1133 2792 72).
1162 2709 1329 2789 affaminis,
1344 2709 1391 2772 lo-

248 2818 388 2881 cutionis.
425 2817 591 2896 adfectare,
615 2834 720 2880 amaro
744 2817 776 2880 in
796 2816 923 2879 quena.
954 2815 1137 2894 Anfractus,
1161 2815 1306 2878 circuitus

249 2921 433 3000 cateruium,
456 2921 627 2985 multitudo
643 2919 769 2983 quenc.
807 2919 981 2999 dunctatio,
1005 2920 1157 2983 dubitatio
1179 2919 1306 2983 Iunone.
1332 2968 1390 2981 ...

249 3026 340 3105 cedit,
365 3028 478 3090 euenit.
515 3025 651 3107 degusto,
674 3024 844 3087 kinaltemu
866 3022 920 3105 (of.
936 3024 953 3087 Ι
968 3022 1033 3107 39).
1069 3024 1241 3106 dispendia,
1263 3022 1391 3087 fauloni-

249 3130 335 3193 nissa
358 3129 410 3211 (cf.
428 3127 524 3211 146).
561 3129 702 3209 disertor,
726 3130 890 3211 expositor.
925 3129 1032 3208 relata,
1054 3129 1203 3210 kaoparet
1223 3126 1275 3210 (cf.
1293 3125 1389 3210 149).

249 3234 362 3314 dedita,
387 3237 534 3297 consueta
557 3233 684 3297 quena.
725 3234 845 3313 dirimo,
869 3232 973 3296 diuido
996 3233 1123 3296 luucno.
1163 3232 1390 3312 dueli,wicl1a-

248 3337 344 3403 flemu
357 3339 483 3402 quenc.
513 3337 653 3420 dapsiliS,
669 3338 785 3421 largus.
815 3337 944 3416 dissicit,
961 3342 1086 3421 separat
1101 3337 1228 3401 quenc.
1259 3337 1390 3415 decolor,

248 3443 427 3526 ungilaruct
447 3439 641 3525 (ballota)
660 3492 708 3504 ...
727 3441 952 3521 flammicoma,
976 3442 1189 3525 lauaspiantaz
1213 3441 1245 3505 in
1261 3440 1388 3505 quena.

249 3548 360 3627 fastus,
385 3546 561 3611 sublimitas
585 3547 616 3609 in
632 3546 760 3611 quenc.
796 3546 914 3626 furenS,
938 3546 1076 3611 irascens
1091 3546 1220 3610 quena,
1245 3544 1390 3610 ...hir-

248 3656 327 3731 tum,
351 3651 516 3731 hirsutum,
539 3651 634 3715 nuhaa
654 3651 687 3715 in
703 3650 830 3714 quena.
855 3651 1017 3731 hactenus,
1040 3670 1140 3732 usque
1162 3669 1255 3716 nunc.
1279 3651 1312 3714 in
1334 3667 1390 3713 ua·

248 3756 342 3836 mine,
375 3756 407 3819 in
437 3755 534 3819 uulua
560 3755 688 3819 quena.
796 3756 940 3835 lustrata,
971 3755 1149 3819 illuminata
1178 3756 1304 3819 quena

250 3861 400 3940 musanti,
423 3863 611 3924 runentemu
634 3859 762 3924 quenc.
797 3862 937 3940 nectunt,
960 3859 1087 3924 hoftant
1108 3860 1141 3924 in
1156 3860 1284 3924 quenc.
1317 3876 1390 3941 pas·

249 3964 319 4045 sim,
343 3964 479 4047 undique
502 3965 628 4028 quena.
655 4014 712 4028 ...
736 3964 916 4047 rependere,
939 3964 1112 4028 farkeltant
1132 3965 1165 4027 in
1179 3964 1306 4028 quena.
1341 3982 1390 4027 re-

293 4206 312 4274 1)
332 4206 477 4275 ,Incipiunt
489 4205 571 4259 uerba
583 4206 611 4259 iu
624 4205 757 4260 quenco‘.
779 4205 879 4261 Omnes
891 4206 946 4259 fere
958 4205 1108 4274 glossarum
1120 4221 1198 4275 opero
1209 4204 1318 4260 laudato
1328 4220 1390 4259 con·

249 4293 376 4347 tinentur.
