3167 4975
231 311 294 374 126
530 308 724 377 Cypriani
753 305 1050 376 heptuleurlrus

387 519 403 572 2
427 503 631 587 aethiopissa
653 502 744 581 foret,
768 506 801 568 et
824 521 880 567 eur
902 505 1118 586 praesumeret
1140 520 1223 566 unus

430 609 587 694 germanis
610 629 776 675 commuue
802 609 924 674 decus?
953 627 1024 673 nem
1050 627 1083 673 se
1108 627 1231 690 quoque
1256 606 1372 672 summi

430 718 588 800 percipere
611 719 816 782 monumenta
840 716 889 780 dei
913 719 1007 798 etque
1030 715 1140 780 inolita
1160 715 1278 780 iussa.“

389 841 405 892 a
429 825 560 890 sedulus
583 825 661 889 haee
684 828 774 888 uates
800 826 832 888 et
855 824 976 888 eunetis
999 822 1106 886 mitior
1129 821 1217 885 audit

429 932 564 996 innocua
588 951 659 994 cum
683 933 789 994 mente
813 930 911 994 silens
936 947 1032 1011 seque
1057 928 1182 994 abdicat
1204 929 1277 995 irae.

389 1057 491 1106 enon
515 1043 619 1102 tamen
644 1038 816 1102 indomitos
841 1035 987 1101 dominus
1010 1035 1177 1118 proaedere
1202 1037 1308 1100 motus
1403 1041 1409 1053 '

392 1161 408 1212 5
433 1143 562 1207 sublimi
586 1142 624 1206 de
648 1143 721 1207 sede
746 1141 823 1206 sinit
847 1159 1013 1222 coramque
1036 1141 1157 1206 locatos

431 1251 573 1334 increpat
595 1254 627 1314 et
650 1248 771 1331 liquida
793 1249 932 1312 uallatus
956 1248 1037 1311 nube
1061 1247 1220 1340 profatur:

390 1373 406 1422 a
434 1355 604 1438 „Quisquis
629 1356 689 1420 erit
711 1355 803 1420 uobis
829 1358 962 1438 cognata
985 1374 1001 1418 e
1026 1356 1118 1437 gente
1142 1353 1304 1437 propheta,

430 1463 551 1529 somnia
574 1483 650 1527 uera
672 1462 773 1546 magis
799 1481 893 1526 seusu
918 1465 1079 1545 spectante
1103 1461 1226 1524 uidebit

431 1573 522 1635 noete
548 1589 643 1652 super
667 1571 780 1645 irradia,
807 1589 878 1633 oum
904 1588 937 1632 se
962 1568 1066 1650 sopita
1088 1569 1227 1632 relaxant

430 1696 524 1740 sensa
546 1677 652 1740 uirum
675 1675 841 1757 sanctique
866 1675 944 1740 deus
970 1674 1023 1738 dat
1047 1675 1162 1758 gaudia
1184 1674 1291 1748 uerbi;

233 1785 291 1845 235
328 1774 331 1778 ’
434 1784 510 1847 ‹lum
529 1785 641 1864 loquor
660 1787 693 1848 et
710 1783 838 1865 paribus
858 1801 1033 1848 semronem
1050 1781 1252 1848 aoeommodo
1268 1779 1371 1844 (lictis.

429 1911 491 1973 qua
514 1910 564 1954 me
587 1891 765 1973 perspiciat,
790 1909 904 1972 oraque
930 1893 962 1954 et
982 1889 1104 1953 lumina
1126 1891 1233 1953 cernat

429 1996 537 2061 iuncta
561 1996 631 2069 sibi,
658 2015 737 2078 quae
759 2015 851 2061 nemo
876 1996 963 2059 ualet
987 1995 1148 2060 dinoscere
1171 1995 1309 2059 uiuens?

350 2101 353 2107 ’
389 2120 404 2170 7
429 2106 545 2166 utnon
569 2103 621 2167 hie
643 2123 713 2166 mos
738 2106 796 2178 est,
820 2121 892 2166 mea
915 2121 987 2166 eum
1011 2101 1167 2166 sententia
1190 2120 1283 2164 uorax

428 2209 562 2273 donatur
585 2209 661 2285 uati,
686 2211 754 2270 tota
776 2208 831 2289 qui
856 2207 929 2271 sedo
954 2207 1056 2270 fidelis

436 2317 494 2388 est,
518 2334 589 2378 mea
612 2315 686 2379 dum
710 2315 810 2379 linitis
832 2315 972 2378 adnectit
994 2318 1121 2397 pectora
1144 2313 1251 2378 saeris,

391 2437 408 2492 a
432 2422 487 2486 ille
510 2441 598 2487 meos
623 2441 727 2486 eoram
751 2422 835 2506 potis
860 2425 910 2486 est
933 2421 1103 2486 consistere
1128 2422 1238 2486 uultus

430 2528 659 2612 perspicuoque
684 2529 778 2592 deum
803 2529 935 2592 lustrare
960 2532 992 2593 et
1016 2548 1140 2593 eernere
1164 2528 1246 2592 uisu.

429 2635 614 2719 unibignum
637 2635 715 2698 nihil
739 2640 790 2699 est
813 2636 962 2716 nullaque
986 2636 1163 2719 aenigmata
1186 2636 1292 2701 uerbis

431 2745 506 2806 sunt
527 2741 648 2805 inserta
670 2742 768 2807 meis:
795 2742 937 2805 confesso
963 2761 1012 2805 me
1036 2742 1102 2805 lero
1126 2742 1237 2805 uultu:

431 2849 487 2913 ille
509 2848 607 2932 igitur
629 2848 734 2931 potuit
757 2848 875 2912 domini
898 2848 1057 2931 regnantis
1081 2846 1230 2912 honorem

429 2973 555 3019 eernere
579 2957 611 3018 et
633 2953 773 3019 inuisum
797 2953 923 3018 mortali
947 2953 1109 3018 aduertere
1133 2955 1249 3019 lumen.

430 3063 461 3125 et
484 3064 610 3125 uestros
633 3061 714 3124 inter
737 3080 799 3125 non
824 3060 928 3142 quiuit
951 3080 1064 3143 ponere
1088 3064 1193 3126 motus

430 3167 595 3232 mitificanr
617 3186 726 3250 paoem
750 3167 920 3249 tristesque
946 3167 1069 3233 abolere
1095 3172 1283 3233 susurrosl¹⁸

336 3288 408 3343 910
431 3272 585 3337 uinheeo
609 3271 760 3349 ediderat,
785 3292 857 3336 cunr
881 3272 994 3355 raptim
1018 3273 1101 3338 nube
1124 3276 1244 3339 remota

230 3379 295 3442 300
432 3378 479 3442 ira
501 3377 590 3441 uenit
613 3376 731 3442 domini
753 3378 948 3459 Mariamque
974 3378 1115 3461 amplexa
1136 3382 1322 3444 trementem

429 3483 566 3566 perculit
589 3486 621 3546 et
642 3486 711 3548 toto
735 3482 895 3566 pertundit
919 3502 1045 3566 corpore
1069 3483 1198 3565 lepram.

261 3702 313 3756 273
332 3701 506 3771 aethyopissa
524 3704 547 3755 C
636 3701 688 3755 275
707 3704 892 3773 monumenta]
912 3704 967 3756 At'
984 3701 1149 3756 monimenta
1163 3723 1179 3755 rr
1217 3702 1261 3757 olei
1279 3704 1372 3773 atque!

227 3792 305 3845 iuuat
327 3790 372 3843 dei
395 3795 424 3843 et
442 3811 459 3842 π
541 3789 593 3843 276
616 3788 768 3863 sedulusC
803 3790 875 3843 uatis
895 3792 948 3843 At*
1028 3790 1080 3843 277
1099 3790 1193 3860 silens]
1212 3792 1235 3845 si
1253 3789 1330 3861 plebs
1347 3796 1370 3845 ‚l

224 3878 274 3932 281
296 3881 411 3948 cognate
430 3883 511 3948 gente
526 3882 552 3931 A
588 3878 642 3932 282
661 3894 763 3932 somma
778 3882 804 3931 A
841 3878 893 3933 285
907 3878 935 3930 Β
947 3882 965 3945 s
975 3884 1038 3945 130,
1050 3890 1060 3913 ¹
1071 3884 1090 3933 2
1102 3880 1171 3933 oreti.
1186 3879 1330 3934 accomoda
1348 3884 1370 3933 (ι’
1382 3884 1578 3943 285-779ΑΒ(

224 3968 277 4021 286
296 3966 474 4037 perspicietur
493 3984 539 4037 aq;
558 3971 587 4021 et
612 3972 640 4037 (q
659 3973 687 4020 et
702 3970 740 4033 A)
759 3968 786 4020 L
870 3968 922 4022 288
942 3984 992 4021 cun
1007 3972 1033 4021 ,l
1115 3966 1167 4022 293
1191 3969 1329 4039 enigmata
1348 3992 1368 4021 m
1390 3969 1422 4012 lu
1437 3969 1461 3995 =
1477 3958 1565 4033 ΑΒΓ,

224 4055 277 4109 294
295 4072 338 4108 me
355 4055 521 4109 leroBuer
538 4072 581 4109 me
600 4058 758 4110 l'eroArue
778 4057 875 4111 l'oreO
923 4056 1199 4127 29'lnonqruitB
1251 4056 1303 4111 298
1322 4057 1370 4111 tri·
1408 4028 1544 4093 ΕΞΑΒ)

229 4144 278 4196 stis
292 4142 320 4196 L
356 4142 463 4197 abolere
468 4161 491 4212 p
505 4142 646 4198 absoluere
656 4144 707 4197 BC
719 4143 839 4199 absoluit
849 4162 911 4200 uero
922 4146 947 4198 A
998 4145 1050 4199 299
1065 4144 1214 4215 edideratp
1223 4145 1335 4200 dederat
1350 4166 1370 4197 ro

223 4231 287 4285 iube
301 4231 329 4283 B
383 4232 432 4286 301
453 4232 611 4303 percutitL
