3167 4975
641 371 884 444 Prolegomena
1265 371 1328 430 mx

194 547 286 612 uibus
317 552 434 614 canunt
460 555 563 634 patres
591 555 622 616 et
648 556 758 634 poetae
785 552 945 616 christiani
971 554 1127 617 nascentis
1150 536 1275 634 quidem
1298 556 1329 616 et

194 653 312 717 adorati
329 654 536 737 apastoribus
553 649 656 720 solum
670 673 819 740 praesepe
835 662 1059 754 memorantem
1083 658 1201 721 adorati
1220 675 1329 721 uerna

194 757 293 841 magis
308 777 455 841 praesepe
472 763 504 824 et
518 777 612 824 cunas
630 810 637 824 .
652 808 679 824 ..
697 761 883 826 luuencus
905 761 1077 844 presbyter,
1099 761 1154 826 lib.
1170 762 1203 825 II
1218 780 1248 824 u.
1267 757 1328 822 168

297 895 366 960 Hoc
388 897 515 984 cipetum
539 897 653 975 dicam,
672 919 816 984 puerum
838 921 941 984 quem
963 921 1090 963 comere
1112 898 1242 962 multia

297 1001 367 1064 Iam
390 1000 463 1065 licet
485 1001 668 1092 implentem
689 1001 813 1090 prcciii
830 1005 1010 1089 praecepio
1030 1026 1107 1067 uoce

195 1145 226 1205 et
247 1160 276 1206 ιι.
297 1140 358 1206 176

296 1269 445 1336 Pastoris
463 1294 605 1359 propere
627 1273 766 1358 ueniunt
788 1295 985 1360 puerumque
1006 1275 1161 1338 iacentem

296 1375 467 1463 Praecepie
488 1378 608 1464 premio
630 1389 774 1442 cernunt.

236 1516 474 1581 Ermenricus
501 1517 758 1602 lllwangensis
785 1518 817 1582 in
841 1519 973 1601 epistola
994 1517 1034 1582 ad
1056 1517 1250 1584 (himaldum
1273 1518 1326 1601 (cl.

193 1621 385 1702 Duemmler,
415 1621 450 1686 Ε.
476 1621 563 1704 epist.
589 1623 628 1686 ad
654 1620 803 1687 Grimald.
827 1621 899 1686 Hal.
926 1620 1008 1684 1873
1030 1642 1060 1705 p.
1081 1620 1148 1705 10):
1180 1621 1327 1688 Similiter

194 1725 404 1807 producuntur
430 1725 463 1789 in
489 1744 582 1810 prosa
609 1727 805 1808 ‚Hieremias
828 1727 987 1806 Ezechias,
1011 1724 1187 1807 Sedeehias,
1210 1725 1328 1810 Sopho·

194 1829 260 1893 nias
277 1880 284 1892 .
301 1879 308 1894 .
326 1831 345 1894 .‘
376 1833 408 1894 et
437 1830 482 1894 sie
511 1830 618 1895 omnia
647 1850 683 1894 ex
706 1831 755 1912 ,ia‘
778 1830 893 1895 hebreo
924 1831 1097 1914 composite
1116 1831 1328 1914 producuntur

194 1933 225 1996 in
248 1933 429 2015 penultimis
452 1933 518 1998 sine
542 1937 652 2016 metro,
675 1934 749 2000 licet
767 1935 918 2017 producta
937 1954 993 1999 seu
1009 1938 1151 2019 correpta
1165 1934 1328 1999 inuenian-

192 2040 243 2100 tur
265 2037 346 2119 apud
368 2042 485 2121 poetas.
531 2038 679 2122 correpta
701 2042 736 2103 ut
759 2042 807 2104 est
829 2040 906 2103 illud
928 2039 1011 2122 apud
1033 2039 1237 2103 quencum

306 2166 488 2231 Zachariae
510 2166 639 2232 uicibus
662 2168 717 2232 cmi
739 2167 892 2255 ternplum
913 2189 996 2231 cura
1019 2167 1106 2231 tucri
1130 2167 1159 2252 (I
1174 2167 1224 2251 3);

191 2317 221 2380 p.
237 2297 293 2364 20:
317 2299 455 2364 Interim.
468 2318 551 2381 uero,
575 2301 683 2364 ductor
703 2301 847 2380 amando,
871 2300 943 2382 quia
957 2304 1098 2382 tempora
1112 2299 1328 2383 Augustomm

192 2403 283 2483 nosti,
307 2403 364 2468 sub
388 2404 501 2485 quibus
524 2404 678 2487 sapientia
700 2403 814 2484 floruit,
838 2408 870 2468 et
892 2406 927 2468 ut
947 2404 1046 2467 leuius
1067 2405 1125 2467 iter
1144 2402 1328 2485 habeamus,

191 2507 282 2572 dicito
312 2508 399 2589 mihi,
430 2509 458 2573 si
488 2510 569 2573 iuter
599 2509 667 2574 illos
699 2510 852 2589 audieras,
881 2510 964 2573 unde
995 2508 1121 2590 quidam
1151 2509 1328 2591 corripient,

192 2612 318 2693 quidem
353 2630 427 2676 uero
461 2614 632 2697 producant
662 2614 694 2678 in
724 2612 906 2696 penultimis
936 2611 1034 2676 uerba
1066 2611 1266 2676 subiunctiue
1296 2613 1327 2676 in

192 2716 294 2798 prima
324 2705 355 2781 et
385 2718 520 2781 secunda
546 2734 678 2800 persona
703 2717 832 2799 pluralis
863 2717 984 2781 numeri
1015 2720 1154 2797 tempore
1179 2718 1328 2798 preterito

192 2820 328 2903 perlecto
363 2824 395 2885 et
423 2821 528 2887 futuro
563 2822 701 2885 eiusdem
734 2820 817 2884 modi
845 2839 900 2904 per
937 2838 1045 2885 omnes
1083 2821 1327 2904 coniugationes.

193 2923 236 2989 Ut
266 2943 338 2989 cum
370 2925 552 3006 ,amauerim
586 2928 797 2990 emanerimus
828 2925 1009 2989 amaueritis
1030 2976 1037 2989 .
1060 2975 1096 2989 ..
1130 2924 1212 2988 Nam
1247 2920 1329 3009 apud

192 3027 394 3094 quencum
418 3034 449 3093 et
470 3034 588 3094 ceteros
612 3046 720 3095 omnes
743 3049 823 3113 pene
838 3032 947 3111 poetas
963 3028 1114 3113 producta
1127 3028 1329 3094 inueniuntur

191 3136 227 3198 ut
249 3137 296 3198 est
318 3133 396 3199 illud

287 3261 336 3326 Ne
358 3262 495 3327 canibus
517 3272 664 3326 canotum
687 3262 844 3326 dederitis
865 3284 946 3326 meuc
968 3260 1082 3325 melitis
1105 3263 1136 3346 (I
1158 3262 1234 3347 664)

191 3413 220 3477 p.
238 3392 380 3459 20-21:
415 3396 473 3459 list
505 3396 589 3460 enim
619 3395 741 3477 poetice
773 3394 901 3459 licentia
930 3394 1003 3458 talis
1034 3399 1070 3458 ut
1100 3412 1171 3458 cum
1202 3412 1328 3458 necesse

192 3498 285 3564 fuerit
306 3498 344 3563 de
367 3499 523 3583 productis
546 3499 662 3564 faciant
684 3503 851 3581 correptae.
875 3498 980 3563 Veluti
995 3498 1181 3562 quencus
1196 3497 1329 3561 Ebraica

193 3604 319 3667 nomina
342 3603 373 3667 in
395 3604 460 3685 ,ias‘
482 3604 663 3684 desinentia,
688 3622 765 3685 quae
788 3604 822 3667 in
845 3620 937 3686 prosa
958 3602 1170 3685 producimus,
1192 3602 1258 3685 ipse
1280 3602 1328 3665 in·

194 3708 315 3772 tendum
346 3708 481 3790 corripit,
511 3708 669 3772 interdum
699 3707 793 3771 etiam
826 3710 857 3770 et
887 3705 1037 3789 producit.
1084 3705 1217 3789 Corripit
1243 3705 1328 3769 enim

192 3829 265 3876 uero
287 3812 334 3877 ita
997 3830 1000 3835 ·

249 3938 354 4015 Quum
378 3940 477 4005 homme
501 3940 684 4005 Hieremiae
709 3939 826 4004 dicimo
849 3939 980 4003 numine
1002 3938 1113 4001 imaeue
1135 3938 1165 4023 (Ι
1188 3936 1275 4021 264).

235 4073 368 4137 Bonito
398 4074 544 4138 macnus
577 4072 610 4137 in
644 4072 710 4137 uita
741 4070 770 4137 S.
799 4070 951 4135 Theodori
983 4069 1047 4134 14
1079 4069 1131 4152 (cl.
1159 4066 1241 4133 Acta
1274 4067 1324 4134 SS.

194 4175 281 4241 Febr.
299 4176 332 4241 Π
353 4175 409 4261 31)

237 4304 325 4371 Hace
347 4304 405 4369 obi
429 4305 516 4369 dicta
540 4304 628 4369 dedit
651 4304 769 4369 teneris
791 4324 825 4367 ec
845 4303 976 4367 miscuit
998 4302 1093 4367 auria
1117 4299 1171 4387 (cf.
1188 4301 1284 4386 142).

1133 4406 1171 4459 b*
