3167 4975
602 349 851 403 Prooemium.
1210 334 1321 397 XXIII

133 530 220 593 lensis
251 528 433 611 guasco-lat.
471 528 577 591 'turici
612 530 708 605 1836)
731 528 909 609 iterumque
932 549 951 593 a
973 529 1060 591 Pitra
1084 526 1193 609 Spieil.
1213 528 1321 592 Soles-

134 637 239 700 mensis
262 637 276 699 Ι
298 655 330 717 p.
359 637 543 700 los-170.
578 634 695 699 codicis
728 655 844 699 nouam
878 636 1088 702 conlationem
1120 638 1264 699 nostrum
1287 634 1320 697 in

134 761 218 806 usum
237 742 379 806 instituit
402 742 431 804 d.
456 762 488 807 u.
512 741 664 805 Dierauer
686 742 847 823 professor
870 742 1095 825 Sangalleusis.
1116 741 1266 823 leguntur
1287 740 1320 803 in

134 868 196 931 pag.
221 852 235 911 l
260 867 314 911 uu.
344 850 461 915 1-26.
485 868 556 931 pag.
582 850 601 911 2
626 867 678 913 uu.
706 849 848 913 27-60.
872 848 905 911 in
937 867 1009 931 pag.
1044 850 1063 911 8
1097 867 1151 911 uu.
1177 848 1319 911 61-99.

133 956 254 1037 denique
276 956 308 1019 in
332 978 363 1039 p.
391 958 430 1019 18
460 976 514 1019 uu.
542 958 731 1020 loo-114:
767 959 871 1019 cetera
892 955 1087 1019 interierunt.

213 1114 278 1177 Non
318 1118 368 1178 cst
402 1115 486 1197 quod
518 1115 673 1179 insulsam
708 1135 818 1179 eorum
852 1113 1041 1177 sententiam
1074 1112 1228 1177 refellam.
1266 1113 1320 1195 qni

133 1220 359 1285 lunenourn
378 1223 531 1289 historiae
552 1224 754 1307 euangelicae
774 1234 936 1287 auctorem
963 1222 1319 1304 Heptateuchum

133 1346 247 1408 quoque
270 1332 413 1393 nostrum
440 1330 619 1394 condidisse
645 1328 890 1415 censuerunt:¹)
909 1349 979 1392 cunr
1001 1348 1062 1409 quo
1082 1327 1171 1391 nulla
1188 1346 1318 1409 prorsus

134 1454 226 1515 neque
249 1435 278 1498 in
302 1436 424 1499 ratione
450 1436 594 1499 nouandi
617 1456 718 1519 neque
742 1437 774 1499 in
810 1456 954 1499 scurrone
987 1455 1088 1517 neque
1122 1434 1256 1516 denique
1288 1433 1320 1495 in

132 1560 161 1602 re
198 1543 322 1605 metrica
361 1546 509 1625 appareat
553 1544 741 1607 similitudo.
782 1544 834 1606 uir
872 1542 957 1624 quod
993 1542 1106 1606 horum
1145 1540 1319 1605 carminum

133 1652 282 1711 nrrctorem
307 1650 469 1731 cognitum
495 1650 622 1730 quidem
647 1650 797 1713 habuisse
817 1652 959 1712 ueterem
978 1650 1154 1712 iuuencum
1186 1646 1316 1727 eiusque

134 1754 311 1835 aliquotiens
336 1756 434 1819 uerba
456 1776 628 1839 usurpasse
653 1756 988 1840 denronstrauerunt.)

213 1862 320 1926 Noluit
358 1864 543 1946 Cyprianus.
583 1866 667 1947 quod
705 1866 758 1928 ille
797 1865 935 1930 uolebat.
975 1862 1249 1926 celeberrimarum
1288 1865 1320 1923 et

134 1968 382 2049 grauissimarum
407 1990 510 2033 rerum
537 1991 690 2035 sacrarum
718 1973 924 2052 conspectum
948 1988 1120 2051 proponere
1143 1966 1269 2051 iugenio
1290 1970 1321 2029 et

135 2082 195 2137 arte
218 2080 416 2139 exornatum:
443 2078 680 2160 simplicissima
697 2079 817 2141 ratione
838 2078 883 2141 sic
904 2077 979 2160 egit.
999 2078 1036 2138 ut
1053 2078 1157 2138 totum
1179 2073 1318 2137 ordinem

134 2200 229 2243 rerum
253 2183 304 2264 qui
329 2187 397 2246 erat
418 2185 450 2247 in
475 2188 604 2248 uetusta
628 2205 683 2247 sun
710 2185 827 2247 ueteris
851 2182 1036 2246 testamenti
1068 2181 1224 2245 uersione.
1250 2178 1318 2242 dili-

135 2292 236 2369 genter
258 2308 292 2353 ac
325 2309 436 2353 seuere
471 2294 666 2371 sequeretur.
700 2292 730 2353 in
765 2290 920 2375 eligendis
952 2290 1047 2353 rebus
1079 2307 1141 2351 non
1174 2286 1317 2368 poeticae

135 2392 204 2456 artis
225 2395 348 2478 legibus
372 2416 484 2479 parens
510 2398 565 2461 sed
590 2397 784 2463 necessitati.
818 2403 854 2460 ut
877 2400 994 2473 tamen,
1029 2416 1067 2459 ne
1094 2394 1181 2457 iusto
1215 2393 1318 2456 maius

136 2501 271 2565 uolumen
296 2504 453 2582 existeret,
478 2505 633 2568 recideret
657 2525 736 2586 quae
760 2505 999 2588 nullanegotia
1025 2502 1130 2568 omitti
1162 2505 1317 2584 poteraut.

135 2608 314 2690 passimque.
353 2631 391 2674 ue
429 2612 604 2695 legentium
642 2612 739 2674 animi
777 2611 921 2675 ariditate
959 2630 1062 2674 rerum
1100 2608 1317 2691 fatigarentur.

135 2713 251 2778 elatiore
276 2718 349 2781 stilo
374 2717 651 2801 floridioribusque
685 2719 790 2781 uerbis
824 2737 1009 2781 connnunes
1044 2714 1197 2797 quosdam
1229 2714 1317 2777 locos

136 2829 282 2886 exornaret
307 2827 355 2907 (ut
378 2825 407 2887 N
433 2827 620 2894 los-113.
646 2829 709 2888 arn
736 2825 830 2909 sqq).
856 2843 999 2888 sermone
1028 2825 1135 2886 autem
1169 2840 1205 2884 eo
1239 2839 1317 2884 usus

135 2936 184 2992 est.
208 2931 258 3010 qui
281 2931 405 2994 medius
431 2932 664 3013 quodammodo
690 2937 775 2996 esset
798 2933 881 2995 inter
900 2930 1127 3013 Vergilianum.
1148 2947 1210 3009 quo
1228 2925 1318 3008 pueri

135 3033 198 3096 olim
212 3041 302 3118 atque
319 3037 413 3100 etiam
425 3041 497 3120 post
514 3058 586 3101 eurn
603 3039 836 3104 imbuebantur.
857 3044 889 3100 et
904 3038 1069 3120 uolgarem
1084 3053 1244 3098 sacrorum
1259 3031 1318 3094 lib-

134 3157 233 3220 rorum,
258 3144 347 3208 onius
373 3164 473 3226 neque
499 3145 730 3210 deterrerentur
754 3144 874 3208 alumni
888 3143 1032 3208 barbaria
1047 3146 1080 3206 et
1094 3140 1319 3204 adsuescerent

133 3244 157 3308 in
181 3247 242 3312 dies
266 3251 369 3333 magis
395 3251 491 3314 sacris
516 3251 642 3314 litteris
669 3251 816 3314 similiter
837 3252 870 3313 in
899 3269 931 3313 re
963 3249 1097 3312 metrica
1130 3265 1163 3309 se
1197 3244 1315 3328 gessit;

133 3371 194 3416 nam
218 3373 285 3419 curn
311 3357 522 3421 suauissimos
547 3377 659 3422 uersus
684 3357 832 3422 conderet
851 3360 945 3438 atque
966 3351 1232 3438 elegantissimos.
1253 3370 1314 3414 non

132 3456 316 3527 hexametros
335 3463 440 3526 solum
456 3463 512 3526 sed
532 3464 627 3527 etiarn
648 3463 931 3547 hendecasyllabos
947 3461 1060 3546 (neque
1081 3459 1165 3524 euim
1179 3459 1315 3521 metrum

132 3568 232 3644 poetae
255 3571 320 3630 erat
353 3567 518 3630 uinculum
552 3569 827 3635 molestissimum.
861 3568 945 3649 quod
977 3568 1022 3630 ait
1053 3561 1220 3633 Becker³h
1264 3563 1317 3644 qui

210 3679 229 3744 ¹)
252 3685 354 3734 rectum
375 3681 407 3735 de
427 3681 476 3734 hac
496 3699 523 3734 re
542 3682 652 3736 Areuali
672 3682 790 3736 iudicum
810 3681 845 3735 ad
865 3682 930 3736 Gen.
951 3683 1002 3734 266
1021 3681 1057 3734 Μ.
1077 3684 1105 3732 et
1123 3680 1175 3732 499
1194 3677 1231 3732 n.

210 3771 229 3833 1ἱ)
261 3773 293 3822 cl.
323 3787 391 3840 quae
410 3771 486 3824 Pitra
506 3771 625 3840 conlegit
652 3789 678 3840 p.
702 3771 749 3824 XL
777 3788 833 3841 sq.;
859 3771 982 3840 inprimis
1011 3767 1130 3822 notanda
1158 3773 1221 3822 sunt
1249 3783 1317 3836 quae

132 3854 303 3926 adscripsimus
323 3859 358 3914 ad
378 3860 402 3914 G
422 3861 480 3922 713,
500 3860 561 3919 aba,
581 3861 602 3912 E
624 3861 684 3925 33⁴5,
704 3859 730 3914 N
749 3861 809 3917 695.
828 3859 869 3913 IN
887 3860 930 3912 49.

211 3947 229 4014 ³)
257 3948 369 4003 Carolus
401 3949 511 4012 Becker,
537 3949 569 4002 de
594 3950 686 4002 metris
712 3949 739 4002 in
768 3948 987 4018 Heptateuchum
1016 3947 1079 4001 diss.
1109 3947 1175 4016 phil.
1203 3947 1315 3999 Bonnae

137 4032 193 4086 loss
211 4053 234 4104 p.
253 4039 292 4090 12.
312 4039 423 4092 Rectius
444 4043 471 4094 t'.
494 4037 611 4091 Schenkl
630 4037 657 4090 Z.
685 4037 703 4090 f.
732 4041 826 4091 osterr.
855 4037 887 4091 G.
916 4037 985 4090 1873
1013 4055 1039 4106 p.
1058 4038 1109 4090 37:
1137 4034 1214 4090 Auch
1240 4034 1317 4088 nicht

138 4123 307 4180 oenandtheit
325 4128 362 4180 im
381 4126 502 4180 Versbau
522 4128 569 4193 (ist
589 4126 650 4178 ‹lern
669 4126 781 4180 Dichter
796 4124 1015 4194 abzusprechen),
1027 4123 1133 4179 obuobl
1143 4140 1171 4177 er
1185 4123 1316 4176 meisten·

137 4207 207 4264 theiis
223 4213 247 4266 in
265 4216 415 4285 eintoniger
434 4215 524 4269 Weise
544 4215 586 4268 die
606 4215 832 4268 Penthemimeris
847 4213 996 4283 gebraucht
1011 4213 1066 4266 und
1080 4212 1136 4266 sich
1147 4212 1215 4264 auch
1231 4213 1316 4281 gretie

141 4299 262 4355 rnetrischc
280 4303 433 4358 llreiheiten
457 4307 598 4373 gestattet.
