3167 4975
711 322 913 376 Victorini

364 519 458 580 turba
480 521 552 582 nate
575 535 663 580 meac
688 534 917 597 numerumque
941 514 1065 578 hortare
1090 517 1289 595 sequentum.

372 660 376 669 ·
409 625 476 689 Nec
500 625 627 688 decreta
648 641 760 706 parens
783 623 891 686 luctus
915 626 947 685 et
968 621 1084 704 gaudia
1106 621 1231 684 mixta·

364 731 488 794 finierat
510 731 612 794 claros
635 728 786 801 monitus,
811 731 877 791 tum
902 728 1031 792 luminis
1056 728 1147 792 orbes

359 839 428 920 ipse
450 839 548 912 leuat,
573 840 769 917 matremque
795 835 897 900 oculis
922 833 1083 898 attendere
1108 834 1222 917 coepit.

361 943 406 1006 nil
428 943 491 1007 iam
514 942 607 1016 triste
631 961 753 1025 gerens.
776 941 925 1006 Habitus.
950 941 1124 1023 uultusque
1147 941 1287 1005 retentor

363 1053 403 1114 se
420 1050 568 1115 timuisse
592 1048 681 1112 nihil.
705 1049 765 1113 nisi
789 1048 894 1112 tristia
918 1049 1050 1112 uulnera
1072 1048 1182 1112 aratris

361 1176 417 1238 per
436 1161 547 1238 partus
570 1155 674 1218 diuisa
696 1174 790 1224 suos:
816 1154 871 1219 sed
895 1154 1016 1236 etipse
1041 1154 1137 1218 citato

361 1263 488 1344 elapsus
511 1262 658 1326 manibus
683 1280 777 1329 cursu
803 1259 988 1326 conscendit
1011 1260 1041 1324 iu
1066 1260 1167 1344 ignee,

362 1369 442 1432 mira
463 1369 585 1451 loqueu,
609 1387 669 1433 nen
693 1368 821 1431 flamma
844 1387 962 1444 cernas,
986 1386 1046 1430 non
1071 1366 1205 1450 contigit
1228 1387 1290 1431 ora.

362 1476 502 1540 exanime
526 1479 563 1538 ut
586 1493 699 1557 cornus
724 1475 867 1540 dammas
892 1478 1096 1556 superauerat
1118 1475 1212 1556 ignis,

360 1601 413 1644 ore
435 1584 564 1664 patente
588 1586 694 1645 tamen
718 1581 814 1646 tacite
839 1600 900 1663 qiua
923 1580 1053 1663 spiritus
1077 1581 1136 1644 iret

359 1688 442 1752 unde
467 1692 617 1770 aceeptus
641 1692 708 1751 erat
730 1688 849 1770 pariter
872 1707 944 1752 cunr
969 1688 1121 1771 sunguine
1145 1687 1237 1770 fugit.

358 1795 418 1860 hoc
441 1794 511 1877 ipso
536 1798 586 1859 est
609 1795 721 1877 ganisa
742 1814 866 1877 parens,
891 1795 975 1876 quod
999 1795 1053 1877 qui
1076 1795 1170 1858 modo
1194 1796 1276 1858 tristi

357 1902 543 1966 constiterat
566 1903 670 1972 uultu.
695 1903 795 1966 fretus
820 1902 904 1983 quod
928 1905 1055 1985 pertore
1078 1906 1149 1966 tuto

356 2008 496 2090 paruerit
518 2008 657 2079 monitis,
681 2008 777 2092 Regis
801 2011 1001 2092 contemptor
1024 2013 1056 2074 et
1077 2009 1151 2072 irae.

356 2113 402 2177 sic
427 2116 533 2178 exorta
556 2117 662 2177 tamen
687 2133 758 2178 cum
784 2114 849 2178 Rex
874 2115 1034 2179 dubitaret
1057 2115 1087 2177 in
1113 2115 1186 2177 illos

358 2219 412 2301 qui
436 2224 587 2303 superant
610 2220 812 2305 gemitusque
837 2218 1285 2304 dar·et‚piatur·ba1ninistri

354 2327 474 2410 Regem
499 2330 691 2400 execrantur,
715 2329 803 2390 tanto
828 2346 972 2391 sermone
996 2331 1183 2409 querentes:

356 2433 512 2516 protrahe,
537 2432 614 2515 quid
638 2431 791 2497 dubitas?
815 2432 896 2497 nulli
920 2433 981 2497 iam
1007 2451 1133 2516 paruere
1157 2432 1262 2496 debes.

358 2560 415 2605 nee
438 2543 540 2623 potes,
564 2545 602 2603 ut
625 2539 744 2622 cupias,
769 2539 931 2603 decretum
955 2559 1099 2622 rurupere
1124 2540 1221 2603 nulli:

360 2648 483 2729 appello
508 2664 615 2729 regern
637 2648 741 2710 totum
766 2646 820 2727 qui
844 2651 1001 2729 temperat
1024 2648 1141 2721 orbem,

226 2762 244 2815 ⁶.
271 2757 284 2807 ἕ
359 2752 413 2834 qui
435 2770 531 2826 mare,
556 2751 610 2834 qui
634 2751 768 2825 coelum,
794 2751 874 2817 coeli
898 2752 949 2816 cui
973 2752 1085 2836 sydera
1108 2755 1235 2835 parent:

356 2859 439 2942 quod
463 2858 525 2923 nisi
546 2856 705 2940 producis,
730 2856 825 2922 timor·
849 2862 908 2934 est,
932 2858 995 2922 iam
1020 2859 1148 2943 segnius
1171 2858 1279 2933 instat,

357 2966 420 3029 iam
444 2964 545 3029 sentis
569 2982 663 3045 quem
686 2982 788 3047 poena
810 2968 909 3047 petat,
933 2966 997 3029 iam
1020 2965 1121 3050 gloria
1144 2965 1234 3029 uobis

356 3074 443 3154 parte
468 3070 500 3134 in
525 3074 658 3152 utraque
681 3075 799 3141 manet,
824 3072 919 3136 liceat
941 3072 1113 3155 producere
1137 3071 1252 3135 nullis:

354 3197 426 3241 riam
451 3196 657 3260 quoscunque
680 3179 772 3241 tuum
797 3178 922 3244 iussisti
945 3178 1093 3243 excedere
1116 3197 1260 3261 regnum,

221 3287 285 3349 210
352 3285 482 3349 forsitan
506 3285 568 3349 hoc
591 3287 725 3349 mortem
750 3285 858 3349 eredas
881 3286 999 3351 furiose
1022 3290 1161 3369 tyranne.

256 3474 558 3531 rememoremur
602 3474 785 3535 193flammae
826 3476 875 3528 199
886 3493 979 3530 exorsa
1016 3476 1067 3531 205
1078 3477 1167 3531 sidera
1204 3478 1365 3533 2101101111

248 3597 307 3604 .---

255 3636 306 3688 184
325 3651 376 3704 que
396 3651 446 3688 oue.
521 3636 572 3688 lau
591 3634 719 3704 monitus]
739 3635 827 3688 minus
865 3636 937 3689 orbis
1012 3637 1159 3709 1881111111
1197 3640 1314 3703 i'atentcir
1333 3644 1364 3691 ct.

218 3742 286 3779 corr.
380 3724 430 3777 189
449 3724 487 3793 se]
508 3723 556 3777 sed
591 3724 709 3793 tristitia
802 3726 853 3779 190
872 3725 919 3779 sed
939 3732 966 3779 et
984 3726 1052 3796 ipse]
1073 3728 1149 3797 sequi
1168 3728 1226 3797 ipsu
1268 3728 1365 3780 citatos

219 3813 268 3866 191
289 3813 410 3882 elapsum
475 3811 526 3865 192
545 3813 680 3883 contingit
750 3813 800 3867 193
820 3830 915 3883 corpus
934 3820 964 3867 ut
985 3817 1103 3869 exanime
1123 3816 1229 3869 flamme
1248 3832 1268 3869 s.
1287 3817 1365 3885 ignes

219 3904 270 3954 190
289 3900 394 3970 ganisa]
414 3900 502 3954 diuise
559 3902 609 3955 198
627 3905 772 3972 pertineret
802 3907 955 3975 contempto
967 3905 1047 3957 retise
1096 3906 1145 3958 199
1156 3905 1256 3974 iernen]
1268 3908 1365 3974 prerens

217 3990 269 4043 200
296 3990 342 4059 pia
370 4006 421 4044 om.
448 3989 580 4043 ministris
679 3992 729 4045 201
763 3996 916 4047 execrantes
945 3993 1029 4046 tacito
1129 3994 1181 4046 202
1209 3994 1364 4064 protrahere

216 4076 269 4130 205
288 4077 357 4131 eceli
376 4078 428 4147 cui]
448 4078 490 4131 cui
510 4079 560 4148 celi
633 4080 685 4133 206
705 4082 796 4150 signin
854 4082 920 4135 1208
940 4086 1080 4151 utramque
1121 4082 1212 4152 liceat]
1231 4082 1297 4135 licet
1314 4098 1364 4135 nos

231 4170 295 4233 post
311 4182 340 4219 u.
364 4165 416 4219 209
436 4167 639 4223 coerceremus·
661 4174 712 4223 211
734 4177 760 4224 et
778 4174 834 4223 212
857 4176 967 4225 navarrae
989 4172 1029 4224 ecl.
1051 4171 1318 4227 (Senicio-furorem
1339 4178 1364 4223 er

215 4252 560 4324 Himpetuum—priorurn)
581 4265 731 4325 sequuntur
751 4260 780 4311 iu-
803 4258 837 4311 C·
873 4258 926 4312 210
945 4258 1024 4311 creda
