3167 4975
718 360 872 413 Hilarii

337 557 537 621 membratim
560 557 689 639 perdam
715 559 837 639 septem
860 559 938 639 quot
960 555 1079 638 perfida
1101 559 1192 619 natos

339 662 420 726 intra
443 682 476 727 se
499 664 635 727 retinet:
660 682 795 745 quorum
818 662 873 745 qui
895 661 1017 745 primus
1041 661 1184 738 habetur,

341 769 392 832 hic
415 769 535 852 primus
557 773 685 852 pereat;
709 769 822 852 perdas
846 769 893 834 sio
916 767 1024 832 ordine
1048 771 1190 844 cunctos,

341 876 479 941 cratibus
501 875 661 958 inpositos
685 875 838 940 subiectis
861 893 950 938 urere
973 873 1111 940 flammis

342 985 450 1046 cernat
470 985 508 1045 ut
530 982 599 1064 ipsa
623 1001 700 1047 suos
722 987 826 1046 mater
846 999 930 1045 nune
952 999 1065 1064 aspera
1088 984 1189 1046 nator.

337 1107 439 1171 poena
457 1092 564 1152 autem
583 1092 693 1152 manet
711 1087 807 1165 haec3
829 1087 946 1152 celeres
966 1088 1057 1152 decet
1072 1105 1141 1152 esse
1155 1086 1352 1152 ministroe.“

382 1196 506 1260 Interea
529 1195 665 1260 fecunde
687 1214 800 1277 parens
822 1195 886 1258 ianr
910 1194 993 1259 crine
1020 1195 1127 1260 soluto

339 1301 445 1366 stabat
466 1304 508 1374 et,
532 1299 672 1364 hortanti
696 1299 821 1376 similis,
844 1300 908 1363 ianr
931 1302 1060 1381 pectore
1083 1298 1167 1362 nudo

338 1408 436 1471 ubera
457 1405 658 1490 protendens,
681 1409 828 1470 natorum
852 1404 1002 1468 alimenta
1025 1423 1166 1480 suorum,

255 1554 261 1572 .
344 1532 405 1576 non
430 1511 561 1577 confusa
584 1511 693 1593 aperit,
716 1513 889 1592 natumque
912 1511 949 1574 ut
971 1508 1053 1573 uidit
1077 1509 1116 1574 ad
1138 1510 1244 1594 ignem

340 1618 560 1700 constantique
583 1617 681 1700 gradu
705 1616 820 1681 fortem
841 1615 1023 1700 procedere,
1050 1616 1144 1680 dixit:

343 1725 408 1799 ,Tu
431 1743 503 1788 mea
523 1724 701 1808 progenies,
724 1726 760 1787 tu
782 1723 904 1806 primus
927 1723 1051 1806 respice
1073 1727 1218 1788 matrem.

340 1835 374 1894 tu
399 1835 483 1895 certe
506 1849 597 1895 meus
621 1850 675 1894 ee:
696 1849 780 1894 nunc
802 1829 912 1906 nostri,
937 1833 1021 1907 nate,
1046 1833 1224 1894 memento!

336 1941 368 2001 te
391 1937 528 2019 primum
551 1936 669 2019 peperi,
692 1939 729 2000 tu
752 1955 835 2002 nune
858 1937 982 2001 imitare
1006 1939 1187 2019 parentem:

340 2061 430 2107 sume
452 2062 541 2108 meos
563 2061 670 2107 mores
692 2047 725 2106 et
747 2062 854 2126 regern
878 2043 970 2108 uince
994 2041 1139 2108 tacendo.

340 2153 377 2212 tu
398 2150 517 2232 poteris
541 2149 652 2212 durare
675 2149 740 2226 diu,
764 2151 791 2214 si
816 2154 959 2233 tempora
981 2149 1113 2216 uinces:

338 2255 456 2338 perfida
478 2276 516 2320 ne
540 2258 668 2339 superet
690 2260 818 2321 sanctos
841 2255 995 2321 uiolentia
1017 2255 1112 2338 regis,

338 2365 427 2426 utere
451 2362 582 2427 consilio
606 2363 727 2439 matris,
751 2382 809 2428 nec
832 2363 946 2426 damna
968 2361 1107 2427 timebis,

277 2501 279 2506 ,
339 2469 450 2537 fortior
472 2472 540 2535 esto
565 2487 634 2535 aere
658 2487 796 2553 saxoque
819 2469 978 2553 potentior
1001 2469 1089 2553 ipso;

340 2576 502 2659 ingredere
525 2581 563 2641 ut
584 2578 720 2652 iuuenis,
744 2578 901 2660 patienter
922 2578 1015 2641 uince
1040 2576 1193 2642 dolor-esf

384 2683 443 2747 Ille
465 2683 560 2748 modo
583 2683 623 2747 ad
645 2688 779 2747 matrem
802 2683 923 2761 uultus,
947 2684 1041 2748 modo
1065 2682 1151 2748 tollit
1172 2682 1204 2745 in
1228 2682 1340 2759 altum,

342 2788 481 2870 dumque
505 2793 590 2853 tacet
612 2789 793 2870 tacitusque
817 2790 917 2872 rogat,
941 2808 1036 2871 quern
1061 2789 1164 2866 debet,
1189 2792 1221 2852 et
1244 2792 1321 2863 oret,

343 2914 404 2959 non
428 2894 529 2959 sensit
549 2893 675 2977 rapidos
699 2895 851 2960 subiectis
876 2895 1014 2960 cratibus
1037 2896 1138 2979 ignes.

342 3020 455 3083 corpus
478 3001 570 3065 inane
592 3000 682 3075 fluit3
705 3006 807 3065 mater
829 3001 940 3084 ganisa
963 3000 1070 3066 dolore
1095 2992 1154 3067 est.

233 3109 275 3172 70
345 3112 377 3172 et
398 3108 493 3171 dixit:
522 3106 629 3183 „vtem
653 3107 779 3171 uincam
804 3107 849 3171 sic
873 3107 1009 3190 saepius,
1035 3127 1107 3183 oro;

339 3214 431 3278 duret
452 3216 598 3278 natorum
620 3212 724 3277 uirtus
746 3211 909 3295 incognita
931 3213 1008 3296 regi,

340 3319 396 3384 sed
418 3316 482 3383 iam
505 3322 580 3384 nota
603 3318 673 3393 deo,
696 3318 807 3401 populi
830 3319 884 3400 qui
906 3322 1036 3401 pectora
1059 3320 1178 3384 nouit.“

381 3425 519 3490 Finierat
541 3424 635 3508 primi
658 3428 769 3507 partus
791 3424 926 3489 secunda
950 3424 1101 3503 dolorem,

239 3618 274 3671 46
293 3623 360 3687 quot
370 3637 391 3685 p
410 3617 481 3686 ‹puod
495 3616 523 3669 P
541 3632 608 3685 quos
623 3616 668 3684 Lf
682 3616 787 3669 namt}
882 3618 917 3669 48
936 3615 1043 3686 perdas]
1064 3616 1159 3686 perdat
1176 3618 1200 3671 U
1215 3618 1324 3688 perdum
1333 3620 1357 3686 f

201 3723 251 3759 uu.
278 3706 314 3760 49
341 3713 365 3759 et
392 3706 427 3759 50
455 3706 552 3759 deserat
568 3708 592 3774 f
676 3705 712 3759 49
738 3704 882 3775 inpositos]
910 3704 933 3759 0
971 3704 1109 3759 subiectos
1136 3705 1185 3759 CB
1225 3723 1303 3761 urure
1326 3706 1354 3759 P

203 3820 238 3875 50
256 3821 330 3890 ipsas
349 3838 398 3875 uos
416 3820 440 3874 0
539 3822 574 3874 52
592 3819 724 3875 foecunde
738 3820 765 3872 P
866 3820 901 3874 54
918 3819 1081 3890 protendens
1100 3820 1139 3889 Cf
1152 3788 1311 3892 p'otendens
1326 3821 1353 3873 P

204 3910 369 3979 portendens
382 3910 437 3994 ΕΒ
540 3910 574 3963 59
593 3913 622 3963 tu
643 3909 723 3979 nnnc]
743 3916 807 3965 tuuc
820 3910 849 3963 B
866 3926 937 3963 nuno
957 3910 1060 3977 nunes
1158 3910 1192 3964 60
1211 3926 1314 3964 summe
1329 3910 1355 3961 P

203 4030 236 4085 61
256 3993 420 4096 tempora⁰:e
435 4042 484 4079 rec.
500 4044 533 4079 m.
547 4042 583 4079 ss.
599 4026 626 4079 P
732 4027 767 4079 64
785 4042 848 4079 sono
865 4026 891 4078 P
1003 4024 1038 4077 67
1057 4028 1085 4078 et
1104 4024 1172 4095 orat]
1191 4024 1324 4095 timetque
1333 4025 1356 4092 s

203 4120 238 4173 68
257 4117 393 4172 consensit
405 4115 433 4167 B
451 4114 608 4168 conscendit
616 4114 639 4182 f
724 4116 758 4168 69
778 4115 874 4184 ganisa
891 4114 914 4168 0
931 4113 1021 4183 grauis
1037 4131 1052 4168 a
1073 4116 1096 4179 (r
1114 4114 1298 4169 receutteeima
1315 4130 1350 4167 m.

204 4203 729 4273 deletum)Pgrauisipsaresultath
778 4203 813 4256 70
827 4203 941 4271 uincam]
957 4203 1086 4271 inuictos
1136 4204 1169 4257 73
1183 4202 1353 4258 foecundeP

203 4294 322 4349 dolorem
341 4292 413 4345 OPL
431 4290 550 4345 laborem
559 4294 582 4360 s
