3167 4975
703 340 853 392 Hilarii

356 535 496 618 spiritns.
522 534 651 615 antiquo
675 535 787 598 uiuens
810 554 866 616 per
889 535 1015 598 saecula
1037 539 1136 600 motu.

355 660 481 723 semper
503 640 575 704 eris.
599 640 674 722 qnia
697 659 822 721 semper
844 659 931 704 eras:
956 660 1017 705 non
1041 642 1151 707 mortis
1176 661 1304 726 egenus,

356 747 411 828 qui
433 746 547 810 natalis
570 746 662 828 inops
685 765 742 809 nec
765 746 859 810 finem
883 747 1009 811 noueris
1033 747 1113 814 aeui.

356 873 391 916 er
414 872 447 917 se
470 851 659 934 principium
684 851 736 916 cui
759 851 901 936 contigit.
926 852 1001 916 haut
1024 857 1132 918 manet
1153 855 1232 918 alter

356 963 516 1024 auctorem
539 977 651 1023 casus:
674 957 836 1022 nascentia
857 958 1010 1023 terminus
1033 963 1136 1042 urget.

355 1067 460 1131 omnia
482 1085 555 1130 cum
576 1068 699 1148 tegeret
719 1065 843 1149 nigrum
869 1065 963 1130 chaos
987 1067 1112 1148 altaque
1135 1067 1235 1131 moles

355 1173 491 1256 desuper
512 1174 639 1255 urgeret
661 1171 804 1235 informis
828 1190 957 1254 corpora
980 1172 1089 1236 mundi

269 1284 283 1343 ἴ
356 1286 388 1345 et
412 1279 559 1363 caliganti
583 1282 738 1361 premeret
761 1277 900 1342 serotina
919 1283 1030 1343 morte.

355 1406 412 1451 nec
436 1385 557 1468 species
581 1401 639 1446 nec
661 1383 761 1447 forma
783 1381 873 1453 foret,
898 1382 975 1448 deus
998 1383 1084 1448 intus
1108 1385 1223 1467 agebas

356 1491 539 1576 corporibus
563 1489 657 1553 tectis
680 1488 808 1564 mixtus,
832 1492 953 1552 secreta
974 1492 1127 1573 potestas.

353 1600 418 1664 iam
442 1603 510 1663 tum
535 1596 705 1679 disponens
728 1596 891 1660 nascentia
912 1597 1037 1661 moenia
1058 1597 1167 1661 mundi

355 1709 388 1771 et
409 1705 513 1770 uarias
536 1723 640 1767 rernm
663 1701 760 1767 facies
784 1702 965 1785 animasque
989 1703 1121 1767 suturas.

243 1853 250 1869 .
355 1817 453 1895 utque
477 1814 572 1893 caput
595 1808 681 1873 uicta
702 1809 887 1892 prompsisti
910 1811 1042 1895 caligine
1066 1811 1178 1876 noctis.

354 1919 523 1983 sublimem
547 1915 696 1979 attollens
719 1915 846 1979 nultum
871 1934 995 1980 sensere
1018 1917 1175 1981 tenebrae.

351 2045 422 2090 mor
447 2023 592 2089 dominus
615 2041 718 2085 rerum
742 2039 869 2086 somnos
894 2020 1045 2086 discussit
1066 2022 1193 2097 inertes,

354 2129 504 2213 pigraque
526 2128 674 2191 materies
698 2126 870 2208 trepidauit
892 2128 1016 2192 nomine
1039 2128 1130 2211 pulsa

353 2238 571 2317 commotaque
596 2233 691 2297 simul
713 2237 836 2298 maturo
862 2234 986 2298 conscia
1009 2239 1110 2317 partu.

263 2382 271 2403 ι
351 2340 506 2406 scinditur
528 2339 667 2424 ingentis
692 2340 812 2403 cumuli
833 2340 1046 2423 perplurima
1069 2359 1181 2424 corpus

351 2449 503 2515 membra.
526 2448 677 2529 locosque
701 2445 797 2511 simul
820 2449 978 2511 metantur
1001 2448 1120 2513 semina
1143 2449 1244 2519 iussu.

351 2561 384 2622 et
407 2557 537 2622 confusa
560 2554 657 2620 simul
680 2553 876 2619 descendunt
897 2554 1021 2620 uiscera
1042 2557 1146 2622 molis.

352 2668 501 2745 sectoque
523 2682 580 2746 per
600 2664 705 2745 partes
728 2661 845 2727 tonnas
870 2662 1045 2744 spectantia
1066 2663 1184 2727 frustra

286 2754 290 2759 ⁴
351 2769 414 2833 iarn
437 2770 522 2834 calor
543 2768 630 2832 intus
654 2768 712 2831 alit
734 2771 766 2832 et
787 2768 903 2833 blando
928 2769 1063 2834 suscitat
1083 2770 1160 2854 igni.

394 2877 440 2940 Ao
464 2875 599 2958 primum
624 2874 702 2939 caeli
724 2893 842 2957 pansus
865 2874 954 2944 liber.
979 2876 1083 2940 omnia
1105 2877 1214 2942 mundi

351 2982 553 3065 conplectens
577 2981 688 3063 spatia.
713 2981 798 3046 celso
822 2981 1026 3064 suspenditur
1049 2984 1141 3051 orbe:

350 3089 431 3151 terra
455 3087 561 3171 grauis
584 3088 674 3170 pigro
698 3085 862 3151 descendit
883 3088 1018 3170 pondere
1042 3090 1080 3153 ad
1104 3091 1203 3155 imum

350 3212 396 3270 ac,
421 3196 523 3257 semet
545 3193 653 3270 defixa
678 3194 745 3258 salo
768 3193 900 3257 lundata
922 3194 1048 3261 resedit.

351 3302 437 3363 esset
458 3302 496 3363 ut
518 3300 655 3383 spatium
679 3318 799 3364 uacuae
823 3301 960 3385 regionis
983 3306 1137 3386 apertum.

253 3524 288 3578 20
306 3524 413 3577 nouerit
427 3524 472 3578 Bb
491 3540 560 3578 corr.
574 3540 601 3576 ra
698 3527 731 3579 21
753 3542 784 3579 ex
805 3530 872 3579 tem
908 3527 1028 3581 bautB¹
1048 3528 1120 3583 band
1135 3528 1174 3581 B²
1281 3532 1314 3583 25
1334 3534 1362 3585 et

215 3617 338 3683 atquem
374 3617 526 3683 premerent
539 3630 566 3666 m
638 3614 672 3667 28
691 3617 750 3667 tum
768 3613 913 3685 disponens
928 3616 955 3669 Β
973 3616 1085 3670 tumidis
1105 3618 1240 3687 ponensb
1260 3618 1359 3672 tumidi

215 3718 318 3771 ponens
331 3718 357 3756 m
449 3702 483 3755 30
511 3702 649 3773 promsisti
668 3702 695 3755 Β
722 3704 856 3774 prompsit
882 3704 986 3774 ipsam
1012 3706 1146 3776 prompsit
1164 3708 1228 3773 (cm.
1257 3706 1364 3777 ipse)f

215 3790 250 3845 31
279 3789 405 3845 tenebras
420 3790 448 3843 Β
476 3807 544 3846 corr.
563 3807 589 3843 m
679 3783 713 3844 33
741 3792 849 3846 nomine
878 3792 922 3847 bm
950 3794 1058 3847 numine
1077 3793 1104 3846 Β
1126 3794 1243 3849 momine
1267 3794 1359 3850 Weita.

216 3880 252 3932 34
269 3880 399 3950 Metaque
413 3880 440 3932 Β
458 3897 526 3935 corr.
540 3896 567 3932 m
585 3880 621 3933 Et
639 3884 772 3934 commota
780 3881 804 3949 s
835 3883 951 3951 maturo]
970 3885 1067 3935 natura
1080 3898 1107 3935 m
1171 3882 1205 3937 36
1224 3883 1299 3937 locus
1315 3882 1358 3935 Bb

216 3982 284 4023 corr.
299 3984 326 4021 m
402 3968 436 4022 37
456 3973 485 4023 et
503 3967 613 4022 confusa
631 3968 722 4038 simul]
742 3974 771 4023 et
788 3970 900 4023 confusa
919 3971 992 4040 prius
1016 3970 1109 4026 Weitr.
1130 3974 1174 4041 (aa
1187 3972 1203 4025 b
1214 3971 1238 4042 ?)
1260 3977 1289 4027 et
1306 3973 1359 4027 iam

216 4083 344 4137 confusae
357 4099 385 4137 m
464 4080 500 4136 38
517 4048 616 4149 fonnps
631 4082 657 4136 Β
692 4082 819 4138 inustam
899 4084 934 4138 40
953 4102 1089 4155 passusne
1165 4088 1199 4141 41
1220 4086 1318 4157 eonpl.]
1332 4088 1358 4139 Β

214 4171 307 4240 spacio
321 4188 347 4226 m
415 4172 450 4225 43
469 4172 540 4225 scelo
555 4172 583 4224 Β
649 4174 685 4226 44
703 4176 827 4243 essetque
847 4177 877 4227 ut
891 4190 916 4227 m
954 4180 1046 4243 aperto
1060 4175 1104 4228 Bb
1123 4192 1191 4230 corr.
1205 4193 1231 4229 m
1250 4180 1359 4246 apertae

216 4258 360 4313 Cmcstant.
