3167 4975
240 339 308 396 VIII
687 345 926 415 Prolegomeua.

238 518 271 582 in
294 518 408 582 Matth.
425 520 441 584 Ι
456 517 486 600 2,
505 518 555 600 11,
572 521 633 584 uol.
649 521 721 601 VH,
737 541 767 604 p.
787 519 828 584 14
843 521 904 605 (11.
921 521 1034 606 vrilly:
1059 523 1283 604 ,Pulcherrima
1305 542 1376 588 mu·

239 642 350 687 nerum
373 628 570 688 sacramenta
591 624 748 690 quencus
771 625 936 709 presbyter
958 646 1030 691 curn
1053 627 1207 692 uersiculo
1235 645 1376 710 compre-

238 727 360 792 hendit:
388 726 419 788 T
413 749 453 790 11
469 749 589 790 aarum
604 730 779 814 myrrham,
803 731 934 817 rapique
949 732 1132 817 hominique
1147 731 1264 817 deoque
1278 732 1376 796 Dono

232 825 375 916 ferunt)
412 833 540 899 Saeculo
570 853 644 899 uero
674 836 851 918 insequenti
878 835 1021 902 Gelasii
1048 837 1207 902 decretum
1233 838 1310 903 illud
1336 839 1375 902 de

237 936 324 1001 libris
347 938 533 1021 recipiendis
560 941 611 1004 uel
639 957 700 1004 non
724 940 910 1024 recipiendis
933 941 1063 1007 quenci
1086 961 1211 1007 carmen
1237 944 1269 1006 in
1291 943 1375 1006 hunc

238 1041 365 1105 modum
378 1043 534 1125 approbat
549 1047 580 1107 et
596 1044 751 1108 collaudat
765 1044 806 1128 (c.
823 1043 894 1129 34):
920 1046 1010 1126 ,Item
1026 1047 1156 1111 quenci
1171 1047 1375 1111 nihilominus

236 1146 428 1212 laboriosum
450 1165 527 1231 opus
550 1166 612 1212 non
636 1149 813 1230 spernimus
837 1150 891 1213 sed
915 1151 1083 1216 miramur‘.
1096 1151 1121 1233 ¹)
1159 1150 1260 1232 Quam
1282 1153 1374 1236 longe

237 1251 362 1333 lateque
391 1271 426 1316 eo
456 1255 597 1335 tempore
620 1252 749 1317 quenci
779 1272 907 1319 carmen
933 1258 1139 1339 propagatum
1168 1255 1274 1336 luent,
1302 1255 1375 1320 inde

238 1356 382 1436 conicias,
410 1357 492 1438 quod
519 1376 590 1421 eum
618 1361 761 1422 auctores
788 1376 850 1422 non
877 1360 968 1441 pauci
989 1361 1052 1424 iam
1075 1363 1151 1424 sunt
1171 1360 1285 1424 imitati
1307 1360 1374 1440 un)

238 1465 344 1526 auctor
359 1463 505 1526 carminis
522 1463 671 1527 aduersus
687 1463 879 1527 Marcionem
895 1462 948 1546 (cl.
964 1463 1047 1548 Aug.
1059 1463 1134 1546 exc,
1150 1464 1375 1548 Prolegomena

238 1566 275 1630 de
298 1567 436 1632 carmine
460 1567 608 1632 aduersus
631 1568 824 1633 Marcionem
846 1587 876 1650 p.
893 1567 945 1649 33,
968 1569 1129 1651 Manitius,
1152 1568 1297 1654 Beitrage
1321 1587 1375 1633 zur

238 1670 424 1736 Geschichte
441 1672 706 1737 lrsrhchristlicher
721 1672 853 1737 Dichter
868 1674 912 1737 im
927 1673 1111 1738 Mittelalter
1130 1693 1159 1756 p.
1177 1671 1243 1757 23),
1267 1677 1375 1737 auctor

238 1775 384 1839 carminis
407 1775 445 1839 de
467 1776 663 1858 prouidentia
685 1777 802 1858 diuina,
826 1778 908 1860 qued
930 1778 1069 1860 plerique
1084 1778 1236 1862 Prospero
1259 1777 1375 1842 adscri-

236 2038 420 2103 peruenerunt.
440 2036 518 2106 Legi
536 2053 602 2106 opus
620 2037 723 2106 insigne
743 2038 814 2108 quod
831 2037 991 2091 hexametris
1008 2035 1274 2107 pentametrisqueltl
1292 2036 1374 2090 uersi-

236 2120 286 2174 bus
310 2123 465 2191 composuit,
490 2123 521 2177 de
545 2127 658 2192 quatuor
680 2125 825 2193 euangeliis
846 2124 929 2178 libros
951 2124 997 2187 IV,
1020 2124 1053 2178 de
1075 2123 1248 2178 sacramentis
1265 2123 1312 2178 lib.
1331 2123 1374 2187 II;

236 2211 339 2262 caetera
357 2225 422 2277 quae
441 2212 619 2279 composuisse
638 2210 744 2276 dicitur,
763 2211 797 2265 ad
816 2228 910 2265 manus
922 2215 1028 2265 nostras
1040 2227 1093 2264 non
1106 2213 1245 2265 uenerunt.
1272 2209 1375 2265 clunic

237 2293 287 2348 sub
306 2295 481 2351 Constantino
499 2314 596 2366 magno
615 2301 642 2352 et
660 2297 748 2352 liliis
767 2299 836 2352 eius
855 2314 924 2352 anno
943 2300 1044 2352 domini
1062 2297 1209 2354 CCCXXX.

282 2382 399 2436 Petrus
422 2382 580 2449 Crinitus,
604 2385 636 2438 dc
658 2385 743 2455 poetis
765 2385 866 2440 1111
888 2402 910 2440 c.
927 2389 973 2444 88:
996 2385 1128 2440 Inuencus
1153 2387 1241 2454 poeta,
1268 2384 1375 2438 natione

239 2471 382 2541 Hispanus,
401 2471 504 2526 familia
522 2473 622 2541 insigni
638 2473 805 2543 meximeque
823 2473 921 2528 illustri
939 2483 1018 2529 natus
1037 2476 1085 2537 111,
1107 2475 1138 2527 111
1160 2471 1193 2527 ab
1211 2471 1375 2541 Hieronymo

240 2560 361 2614 traditur.
385 2560 529 2629 Praecipue
547 2559 638 2614 floruit
649 2561 843 2631 imperantibus
855 2561 1011 2617 Constantio
1023 2565 1051 2615 11
1063 2561 1220 2616 Constante:
1238 2576 1291 2628 qua
1307 2562 1375 2613 tem-

238 2649 340 2715 pestate
363 2646 392 2700 in
414 2645 564 2715 eloquentia
586 2648 657 2717 apud
675 2650 784 2703 Latinos
807 2648 873 2702 clari
894 2649 1004 2703 fuerunt
1021 2648 1179 2703 Tiberianus
1196 2647 1326 2701 Naaarius
1349 2648 1377 2700 11

239 2731 348 2786 Flauius
366 2733 502 2803 Vopiscus,
527 2734 571 2803 qui
594 2735 626 2788 de
649 2736 731 2803 gestis
749 2736 931 2789 Romanorum
949 2736 1100 2805 principum
1118 2732 1200 2804 libros
1218 2732 1374 2803 composuit

238 2818 314 2872 Inter
331 2820 384 2874 alia
400 2823 530 2889 poemata,
549 2838 615 2889 quae
634 2822 759 2877 dicuntur
777 2822 810 2876 ab
829 2822 880 2876 alio
897 2822 977 2887 edita,
995 2822 1102 2891 scripsit
1113 2823 1227 2891 quatuor
1238 2819 1376 2888 euangelia

238 2906 398 2961 hexametris
416 2906 596 2963 uersibus...
627 2909 759 2963 queucus
778 2910 880 2977 aliquot
897 2910 1011 2979 hymnos
1029 2909 1100 2973 11111,
1123 2908 1220 2978 quibus
1237 2906 1316 2960 facile
1334 2905 1375 2959 in·

240 2990 340 3046 dicauit
362 3010 389 3046 11
412 2995 510 3063 optime
533 2996 660 3050 meritum
683 2996 715 3050 de
737 2997 865 3065 religione
886 2996 1045 3052 Christiana.
1075 2996 1168 3064 Neque
1191 2994 1303 3049 dubium
1326 2995 1374 3056 est

238 3076 321 3131 fuisse
343 3079 421 3134 illum
446 3082 516 3135 iuter
538 3083 686 3137 sacerdotes
714 3084 880 3148 christianos,
904 3088 935 3138 nt
961 3082 1063 3138 ueteres
1091 3086 1211 3136 auctores
1233 3084 1374 3135 testantur.

238 3164 324 3219 Diuus
342 3165 522 3236 Hieronymus
544 3169 642 3223 alicubi
665 3172 761 3240 repetit
778 3170 890 3225 quenci
913 3172 1032 3225 carmina
1053 3185 1166 3238 eumque
1189 3171 1221 3223 111
1237 3166 1374 3222 eruditum

239 3254 274 3317 et,
284 3252 432 3321 elegantem
449 3259 556 3324 poetam
575 3258 751 3312 commendat.

281 3339 322 3393 De
345 3342 522 3397 recentiorum
544 3344 1228 3399 1111111οηί1111111111111111111111111111111111111
1250 3343 1279 3395 in
1299 3356 1374 3411 prac-

239 3426 338 3481 letione
357 3428 488 3495 editionis,
512 3446 578 3499 quae
596 3432 696 3501 prodiit
714 3432 884 3487 Franoofurti
904 3436 931 3486 et
948 3432 1052 3502 Lipsiae
1070 3446 1140 3485 anno
1158 3432 1234 3494 1710,
1256 3432 1284 3483 et
1300 3428 1374 3482 Are-

237 3515 304 3569 uali
323 3515 467 3571 edItionem
484 3534 510 3587 p.
524 3522 557 3575 23
575 3519 668 3589 (Migo.
687 3526 706 3574 t.
721 3521 771 3590 19).

283 3604 302 3671 ¹)
320 3603 360 3658 Ol.
380 3604 451 3673 quod
474 3605 505 3659 de
525 3607 629 3661 Gelasio
647 3607 875 3677 Luitprandus
897 3608 926 3661 iu
943 3607 1012 3661 Vitis
1029 3605 1188 3675 pontificum
1205 3620 1227 3658 c.
1240 3608 1271 3660 51
1292 3602 1374 3657 adno-

238 3696 289 3746 tet:
307 3693 377 3746 Item
396 3691 481 3747 Orosii
499 3694 639 3749 hIstorlam
657 3695 752 3750 laudat
769 3698 797 3749 et
814 3711 879 3765 opus
897 3694 997 3749 Sedulii
1016 3697 1043 3747 11
1059 3693 1179 3747 quenci.

282 3782 302 3849 ²)
320 3781 360 3834 De
378 3781 495 3835 Ausonio
513 3781 579 3836 dicit
596 3783 725 3837 Manitius
748 3783 884 3851 (Zeitschr.
902 3783 921 3835 i.
939 3782 964 3836 d.
982 3785 1073 3835 estem
1092 3780 1190 3850 Gymn.
1209 3781 1284 3843 1886,
1299 3778 1373 3845 arry:

237 3868 296 3921 Neu
314 3868 350 3921 ist
367 3868 424 3921 hier
443 3868 490 3923 der
507 3869 647 3925 NachueIs
666 3870 713 3925 der
730 3871 889 3939 Benutzung
906 3870 952 3923 des
970 3870 1110 3933 quenous,
1135 3868 1177 3921 die
1200 3866 1257 3920 sich
1275 3867 1303 3919 in
1321 3864 1374 3918 den

237 3956 387 4012 Gedichtcn
409 3958 454 4011 111
472 3958 606 4012 Ausonius
628 3958 767 4012 mehrlach
790 3958 883 4022 findet,
905 3973 1007 4011 uorans
1030 3956 1098 4011 auch
1120 3953 1289 4022 hervorgeht,
1312 3952 1374 4005 dass

237 4043 370 4099 Ausonius
393 4046 449 4100 sich
473 4045 541 4099 doch
562 4046 646 4111 mehr,
669 4045 708 4099 als
731 4062 793 4099 man
815 4045 908 4098 frther
926 4044 1050 4108 annahm,
1069 4042 1119 4096 mit
1137 4042 1183 4096 der
1202 4039 1374 4095 christlichen

236 4130 370 4187 Literatur
391 4134 576 4203 beschdl'tigte.
613 4135 650 4188 At
671 4133 793 4187 uersibus
816 4149 855 4202 ep.
872 4132 926 4186 VII
948 4135 973 4197 2,
990 4135 1007 4188 8
1029 4130 1189 4199 (ignicomus
1210 4127 1262 4196 sol)
1284 4130 1312 4180 11
1332 4142 1372 4195 ep.

236 4218 341 4287 VHI,9
360 4220 508 4289 (sollemnia
525 4221 656 4291 paschae),
676 4221 720 4289 qui
739 4219 788 4274 soli
800 4220 949 4274 quencum
966 4218 1047 4282 olent,
1065 4215 1177 4272 Ausonii
1194 4214 1309 4269 imitatio
1327 4213 1373 4267 Iu-

235 4314 365 4366 uenciana
383 4312 446 4366 satis
465 4312 647 4365 demonstrata
665 4324 720 4363 esse
733 4308 801 4363 mihi
812 4307 920 4377 quidem
933 4320 987 4360 non
997 4304 1105 4359 uidetur
1116 4302 1161 4372 (cf.
1170 4300 1205 4357 ib.
1217 4304 1294 4367 1888,
1303 4300 1372 4369 583).
