3167 4975
248 338 382 401 XXVIII
715 352 963 407 Prooemium.

250 536 333 595 certo
361 531 612 605 adfirmauerim;
637 550 773 613 namque
797 549 816 593 a
839 529 984 612 Cypriani
1018 532 1050 591 et
1073 549 1215 594 sermone
1239 534 1272 593 et
1294 532 1359 593 arte
1379 549 1456 593 uer-

249 657 342 701 suum
368 638 601 702 condendcrum
624 638 716 720 plane
750 636 932 700 abhorrent:
955 635 987 698 in
1010 638 1147 719 utroque
1177 638 1273 721 louge
1306 637 1458 718 superior

248 748 297 807 est
321 745 502 827 Cyprianus,
528 745 583 826 qui
615 744 671 808 ubi
693 743 826 807 liberius
860 742 1017 806 tractandi
1032 743 1126 806 uenia
1145 742 1218 806 data
1241 745 1301 810 cst.
1326 744 1452 806 nullam

248 850 388 914 admittit
421 852 648 915 obscuritatem
684 850 846 931 nullisque
890 850 1132 913 difficultatibus
1170 849 1339 933 impeditos
1377 869 1453 914 uer·

247 956 366 1023 siculos
391 958 552 1022 decurrere
576 959 675 1026 iubet.
715 958 870 1023 Sodomae
904 959 1012 1021 contra
1045 961 1077 1019 ct
1099 956 1194 1020 lonae
1208 960 1319 1021 auctor
1341 958 1453 1021 minus

247 1066 297 1127 est
321 1063 448 1146 elegans
473 1065 641 1145 minusque
666 1063 836 1137 dilucidus,
870 1082 972 1144 neque
1001 1081 1082 1144 quae
1107 1064 1183 1126 sunt
1201 1063 1335 1128 obscura
1362 1064 1453 1146 apud

247 1189 329 1235 eum.
359 1189 377 1233 a
409 1172 595 1235 narrationis
635 1190 740 1236 saonae
779 1171 1021 1235 difficultatibus
1064 1170 1191 1234 ueniam
1223 1169 1349 1236 habent.
1388 1172 1453 1235 sed

247 1276 378 1341 distorto
408 1277 533 1361 ingenio
568 1280 705 1343 auctoris
731 1279 837 1342 omnia
865 1278 1028 1343 debentur.
1063 1278 1120 1343 sed
1145 1278 1173 1341 si
1202 1298 1262 1343 nou
1288 1278 1452 1361 Cypriani.
1505 1306 1511 1313 ·

247 1383 388 1446 eiusdem
405 1387 509 1449 tamen
528 1386 641 1448 aetatis
657 1388 690 1449 et
704 1385 825 1468 patriae
839 1386 939 1450 fuisse
954 1389 1116 1450 auctorem
1141 1404 1250 1449 eorum
1275 1384 1455 1469 arbitror.¹)

335 1491 381 1553 De
407 1491 542 1553 carmine
568 1489 654 1572 quod
678 1490 725 1553 ad
750 1490 1001 1555 Senatorem
1025 1492 1131 1556 nescio
1156 1511 1252 1574 quem
1289 1492 1451 1573 scriptum

246 1596 438 1677 perhibetur,
490 1616 528 1660 ne
576 1599 700 1661 tantum
747 1597 877 1678 quidem
914 1617 964 1661 me
1002 1598 1082 1662 scire
1120 1597 1288 1672 confiteor3
1331 1596 1454 1679 prioris

245 1708 350 1767 tamen
389 1704 551 1786 aliquanto
576 1704 689 1767 aetatis
706 1723 809 1785 neque
834 1703 973 1768 Gallicae
999 1704 1128 1788 originis
1153 1723 1223 1768 esse
1248 1703 1452 1768 crediderim.

335 1810 379 1873 Vt
403 1810 560 1894 Cypriani.
597 1811 643 1874 ita
679 1810 820 1874 Hilarii
852 1811 945 1874 multi
979 1811 1109 1875 fuerunt
1138 1812 1170 1875 in
1205 1811 1311 1876 Gallia
1347 1810 1452 1873 etiam

246 1918 357 1999 quinto
382 1918 519 1983 saeculo.
543 1918 652 2000 itaque
677 1936 748 1981 cum
768 1915 962 1981 Pictauieusi
982 1918 1141 2000 episcopo.
1162 1918 1213 1981 cui
1232 1919 1264 1983 in
1280 1916 1452 1981 codicibus

247 2028 353 2105 aperto
378 2042 479 2087 errore
504 2023 702 2101 adscribitur,
727 2023 857 2107 indigna
880 2020 923 2087 sit
942 2023 1098 2087 censenda
1117 2022 1260 2096 Genesis.
1279 2026 1454 2106 propterea

246 2151 320 2195 sane
344 2151 404 2195 nou
430 2135 479 2195 est
503 2150 559 2194 cur
581 2130 759 2195 Arelatensi
783 2132 931 2213 episeopo
951 2129 1153 2212 (tas-449)
1173 2130 1350 2195 tribuamus
1369 2147 1451 2193 eum

251 2239 336 2303 Sixto
362 2237 492 2302 Senensi
517 2241 549 2301 et
572 2238 654 2303 aliis.
678 2237 864 2320 praesertim
879 2256 950 2301 cum
967 2256 1005 2300 ne
1020 2238 1105 2300 uitae
1120 2236 1249 2318 quidem
1263 2235 1453 2299 Hilarianae

247 2350 358 2409 auctor
398 2346 521 2426 praeter
557 2363 713 2409 uersus
750 2344 888 2407 fontis
926 2344 1121 2408 ardentis
1158 2342 1333 2425 quidquam
1370 2360 1452 2404 eum

246 2450 363 2534 poetici
387 2452 510 2530 generis
535 2451 699 2533 scripsisse
718 2450 919 2536 perhibeat.²)
962 2455 1101 2515 ceterum
1126 2450 1267 2515 eiusdem
1295 2447 1454 2514 auctoris

339 2629 356 2685 ¹)
377 2631 438 2695 post.
457 2627 642 2696 Hegesippum
662 2625 857 2682 isimbrosium
869 2626 891 2677 is
910 2625 1026 2695 scripsit.
1046 2627 1185 2694 antiquam
1202 2621 1453 2678 uersionembibli-

246 2731 320 2768 orum
341 2719 456 2771 secutus.
477 2716 504 2768 in
523 2732 551 2768 re
571 2715 683 2768 metrica
703 2716 802 2768 saeculi
823 2715 911 2784 quinti
933 2716 1063 2769 alumnus.
1084 2714 1234 2784 Cyprianus
1251 2717 1342 2766 tamen
1362 2712 1453 2765 etiam

247 2802 402 2870 Vergiliana
419 2803 575 2856 imitatione
596 2819 655 2856 eunt
675 2804 755 2872 longe
775 2807 891 2873 superat.
912 2835 945 2842 —
970 2803 1129 2857 Tertulliani
1147 2820 1245 2857 nomen
1265 2801 1338 2871 quod
1356 2804 1397 2854 est
1415 2801 1452 2854 in

247 2892 357 2960 optimis
367 2891 443 2945 libris
464 2892 788 2961 (praeterLuudunensesl
801 2894 871 2947 unde
880 2895 1029 2963 inrepserit,
1040 2910 1094 2946 non
1103 2892 1191 2946 habeo
1201 2892 1304 2945 dicere:
1315 2889 1453 2943 sermonis

246 2978 396 3032 similitudo
417 2979 547 3048 quaedam
576 2997 629 3033 nou
658 2981 749 3050 potuit
774 2981 802 3034 in
831 2998 912 3034 rausa
939 2999 1015 3043 esse;
1035 2998 1097 3035 narn
1127 2982 1231 3034 solutae
1260 2979 1388 3033 orationis
1416 2981 1453 3030 et

247 3069 363 3130 murtae,
391 3085 459 3136 quae
485 3068 518 3121 ad
539 3069 724 3138 Vergilianum
753 3070 933 3124 imitationem
959 3071 1125 3124 conformata
1157 3073 1224 3126 erat.
1256 3069 1374 3123 rationes
1406 3067 1453 3119 ita

244 3155 366 3210 diuersas
386 3173 453 3220 esse,
473 3161 504 3210 ut
523 3159 661 3226 conparari
681 3160 751 3212 inter
770 3175 798 3212 se
818 3162 846 3212 et
865 3159 978 3213 conferri
997 3177 1049 3213 non
1070 3163 1188 3229 possent,
1207 3176 1241 3212 nc
1256 3159 1364 3212 illorum
1384 3156 1452 3226 qui·

247 3245 306 3299 deur
327 3249 478 3314 temporum
497 3248 610 3300 maxime
630 3248 657 3299 in
679 3247 767 3301 riallia
785 3248 907 3301 homines
939 3247 1110 3317 ignorabant,
1139 3253 1168 3302 et
1196 3249 1313 3301 clamant
1346 3245 1451 3300 Alcimi

247 3351 341 3403 (ipera.'

246 3423 251 3430 '
335 3425 356 3488 ²)
377 3423 475 3477 Leonis
495 3425 588 3492 llagni
608 3441 689 3492 opera
708 3425 749 3479 ed.
768 3425 906 3478 Ballerini.
929 3425 1021 3479 Venet.
1041 3426 1224 3480 175611327
1248 3441 1306 3495 cap.
1333 3424 1380 3478 xl.
1409 3455 1449 3463 —

246 3511 323 3564 Pitra
343 3511 451 3580 quidem
471 3513 499 3564 in
517 3513 656 3566 analectis
676 3513 757 3566 sacris
781 3516 809 3565 et
836 3513 955 3567 classicis
979 3532 1004 3583 p.
1030 3515 1080 3568 138
1106 3532 1163 3584 sqq.
1189 3532 1219 3568 ex
1242 3511 1451 3569 Mellicensibus

247 3602 325 3654 libris
346 3601 432 3654 edidit
457 3600 657 3654 Orationem
684 3601 723 3654 ad
747 3601 967 3655 indiuiduam
991 3605 1192 3657 trinitatem
1216 3603 1302 3657 tribus
1321 3601 1451 3656 distichis

248 3691 431 3760 compositam,
453 3707 532 3758 quam
552 3695 643 3744 tamen
662 3691 827 3744 Arelatensis
847 3691 966 3761 episcopi
986 3709 1043 3746 esse
1062 3694 1108 3746 uix
1125 3693 1233 3762 probari
1252 3694 1339 3763 possit
1361 3693 1450 3758 (eete-

246 3796 305 3832 rum
324 3779 352 3832 in
371 3779 521 3834 Mellieensi
540 3779 630 3834 codice
650 3779 741 3840 CLIX.
762 3796 792 3833 cr
813 3797 864 3849 quo
884 3780 959 3833 Pitro
979 3797 1036 3834 eam
1057 3799 1085 3834 sc
1104 3781 1172 3836 dicit
1190 3781 1370 3851 descripsisse.
1390 3795 1449 3831 non

247 3867 400 3934 inuenitur)
420 3867 603 3938 hynmumque
622 3869 792 3922 notissimum
813 3870 859 3939 qui
877 3869 974 3940 incipit
991 3871 1039 3923 Ad
1057 3872 1127 3924 caeli
1140 3871 1221 3924 claro
1232 3887 1289 3925 nora
1308 3885 1367 3922 aum
1386 3868 1449 3935 dq-

247 3973 300 4010 rues
327 3957 428 4013 sidero.
458 3973 537 4025 quem
566 3957 614 4010 alii
641 3958 703 4011 libri
726 3957 894 4013 Pictauiensi
924 3960 1048 4029 episcopo
1078 3960 1216 4024 tribuunt;
1241 3961 1314 4015 inter
1336 3956 1450 4011 Paulini

248 4045 449 4114 Aquilegiensis
469 4047 586 4100 camrina
596 4046 682 4101 edidit
692 4048 721 4101 ll.
732 4047 888 4102 Duernmler
897 4049 966 4103 Pac
980 4050 995 4102 Ι
1010 4050 1059 4101 147
1070 4048 1103 4102 cf.
1119 4048 1178 4104 125.
1191 4049 1307 4118 Propter
1315 4047 1449 4100 sermonis

247 4134 379 4201 quandam
400 4134 606 4189 similitudinem
628 4153 686 4188 cunr
705 4135 925 4190 Maccahaeorum
945 4138 1061 4189 cannino
1081 4137 1110 4192 O.
1136 4136 1260 4191 Oudinus
1278 4135 1389 4207 (Comm.
1410 4135 1448 4189 de

246 4223 336 4291 script.
356 4223 448 4276 eccles.
469 4222 611 4293 antiquiss.
630 4225 703 4294 Lips.
724 4226 792 4278 1722
811 4226 824 4278 I
842 4226 922 4290 1230)
942 4225 1046 4278 Hilario
1064 4226 1204 4279 tribuebat
1221 4243 1316 4296 poema
1335 4225 1368 4278 de
1382 4241 1447 4294 prc-

246 4313 367 4367 uidentia
386 4314 438 4370 dei.
459 4314 531 4383 quod
550 4313 652 4383 legitur
669 4316 740 4368 inter
757 4315 883 4384 Prosperi
902 4317 1020 4368 carmina
1039 4315 1125 4384 (llign
1153 4315 1215 4368 LXI
1233 4314 1305 4382 617).
