3167 4975
707 362 909 416 Victorini

362 559 464 625 oranti
487 558 613 635 similis,
636 559 759 642 palmas
781 558 934 624 tendebat
957 560 988 624 in
1013 560 1124 624 altum.

362 665 557 746 subnixoque
580 684 664 748 genu
686 664 798 728 neutris
821 665 973 748 pingebat
994 665 1026 728 iu
1051 684 1103 730 ore

360 791 424 855 que
445 771 522 836 licet
544 774 709 854 aspectum
732 789 856 854 corpus,
880 791 943 853 qua
965 771 1058 835 turba
1080 771 1217 834 tenebat.

253 885 289 938 ···'
363 881 418 962 qui
441 879 538 945 simul
561 879 742 944 admonitus
765 881 884 943 cratem
908 877 1094 944 conscendit
1115 878 1146 940 in
1170 877 1276 960 ignem

360 985 548 1069 intrepidus,
572 988 719 1066 certeque
741 983 803 1049 fide
828 1003 886 1049 sua
907 984 1048 1048 membru
1070 984 1200 1052 locauit.

361 1098 534 1175 sancteque
556 1110 637 1174 quae
659 1094 807 1174 superest
829 1091 934 1154 anima
955 1091 1110 1156 inuiolata
1132 1089 1274 1154 recessit.

360 1199 561 1266 conciderant
583 1198 728 1262 flammae
750 1198 863 1281 tepida
879 1201 1060 1262 remanente
1084 1196 1194 1262 fanilla

359 1307 507 1370 illaesum
531 1325 645 1389 corpus
668 1306 767 1370 tellus
790 1304 940 1388 adaperta
962 1304 1091 1388 recepit.

403 1413 446 1476 At
467 1415 569 1475 mater
592 1411 741 1477 dubitans
765 1413 905 1496 gemitus
929 1431 967 1476 un
991 1410 1107 1494 gaudia
1130 1413 1246 1477 sumat.

360 1517 507 1595 haesitat,
530 1523 564 1582 et
585 1518 718 1599 querulo
743 1518 789 1582 sic
813 1521 863 1582 est
886 1537 1029 1582 sermone
1052 1517 1179 1580 locuta:

360 1625 437 1708 qnid
459 1644 543 1689 nunc
566 1624 631 1690 dire
654 1629 771 1708 puras?
794 1623 892 1688 iussis
916 1643 1063 1708 paremus
1087 1625 1120 1686 et
1144 1639 1252 1687 omnes

359 1750 491 1796 munera
513 1731 569 1796 scd
591 1733 701 1813 partus
724 1734 834 1796 custos
857 1750 896 1794 ne
920 1729 1086 1794 subtrahat
1107 1728 1184 1804 ullu,

361 1835 417 1900 sed
435 1836 516 1900 dicet
538 1836 606 1918 ipse
630 1836 712 1901 uelis
735 1854 797 1900 non
822 1855 893 1901 sum
916 1853 1048 1918 passura
1070 1839 1218 1918 tyranne:

272 1949 287 2000 Γ
361 1962 469 2007 omnes
492 1961 564 2006 nam
588 1943 706 2026 pariter
726 1947 858 2027 pereunt
880 1941 1048 2006 certamine
1071 1945 1170 2018 tanto,

360 2049 511 2132 temporis
534 2049 602 2132 ipse
624 2050 673 2114 tui
696 2054 801 2114 mutes
823 2050 900 2114 licet
921 2049 1044 2114 horride
1068 2067 1212 2131 poenam,

359 2155 500 2236 duraque
523 2175 603 2238 quae
626 2156 745 2222 sanctis
770 2156 879 2221 eadem
903 2155 1060 2220 sententia
1082 2155 1165 2220 natis

360 2261 417 2326 sed
440 2262 584 2346 grauiora
606 2250 707 2345 paras,
731 2263 758 2327 si
781 2267 857 2328 sunt
880 2261 1034 2346 grauiora,
1059 2259 1181 2336 minari,

362 2369 508 2451 quodque
531 2387 619 2432 meos
643 2369 744 2434 cernis
767 2370 878 2434 uultus
901 2369 1028 2434 horrore
1051 2367 1161 2442 teneri,

252 2483 265 2513 ·'
361 2475 515 2560 gauderes
537 2478 626 2560 parte
649 2477 773 2560 quotIes
798 2476 939 2541 decernis
962 2475 993 2539 in
1017 2475 1090 2541 isto.

405 2584 505 2649 Ardet
527 2587 561 2647 ut
581 2584 650 2668 ipse
673 2585 776 2669 magis
798 2583 905 2667 rapide
927 2602 979 2647 rex
1003 2583 1147 2649 concitus
1171 2582 1227 2647 ira.

361 2691 560 2772 cotemnique
583 2694 684 2773 putet.
709 2712 767 2757 nec
789 2693 874 2755 sicut
897 2694 1021 2755 caetera
1042 2690 1173 2753 fratrum

360 2801 454 2864 turba
475 2800 556 2864 ferat
578 2819 706 2883 poenas.
729 2805 860 2865 matrem
886 2800 946 2865 hoc
968 2818 1117 2881 quaerere
1141 2798 1239 2863 sent't

360 2907 438 2971 dura
459 2907 492 2970 in
516 2906 645 2971 exitium
669 2911 815 2988 quartum
841 2905 994 2970 adducere
1017 2910 1126 2969 natum

253 3016 287 3031 ''
361 3032 440 3097 pene
463 3032 559 3077 manu
582 3012 696 3080 uoluit.
718 3002 831 3077 lassati
854 3030 977 3094 nanque
1000 3012 1136 3077 ministri

354 3137 412 3183 nec
434 3119 519 3203 regis
542 3119 649 3185 furias.
674 3138 731 3183 nec
753 3137 860 3202 regem
884 3118 963 3183 ferre
988 3118 1146 3183 uolebant.

359 3225 436 3308 proh
460 3224 572 3308 pudor,
596 3225 723 3289 erubuit
745 3225 856 3291 uultus
880 3226 1044 3290 ostendere
1069 3226 1161 3289 metri

261 3443 312 3497 133
331 3442 433 3513 figebat
487 3443 538 3497 135
557 3444 701 3513 ignemque
763 3442 814 3497 150
833 3450 937 3513 panem
975 3445 1002 3497 in
1022 3444 1102 3497 istum
1164 3444 1215 3498 152
1235 3444 1369 3499 contemni

242 3537 330 3586 cetera
384 3532 437 3586 153
454 3531 506 3585 hoc
525 3549 632 3603 qnoque
651 3549 778 3602 quaerere
834 3533 886 3588 154
905 3532 1024 3603 duraque
1043 3534 1071 3586 in
1108 3533 1254 3603 producere

260 3674 312 3727 133
329 3674 410 3728 matri
465 3674 517 3727 134
536 3675 599 3743 quis
613 3674 693 3727 turbu
749 3676 799 3729 135
815 3676 976 3729 ammonitus
992 3680 1097 3743 gratum
1136 3675 1223 3743 iguis:
1238 3675 1311 3729 iine
1332 3676 1369 3728 ud.

225 3763 276 3815 136
294 3763 438 3832 intrepitna
498 3762 549 3815 138
568 3762 739 3817 conciderunt
757 3764 867 3816 fanillue
925 3764 975 3817 139
995 3761 1097 3833 Corpus
1116 3764 1231 3817 inlesum
1265 3769 1369 3830 1101111.

222 3853 417 3919 1391111011
433 3869 460 3904 u.
482 3851 541 3906 137.
562 3868 613 3920 quc
632 3852 709 3922 quac]
730 3869 835 3922 queque
893 3853 942 3906 140
966 3869 1040 3906 sume
1098 3853 1149 3906 142
1172 3868 1296 3921 1111111111·
1322 3851 1370 3905 sed

224 3940 475 3993 1431111111111111111
512 3945 603 3995 custus
641 3941 724 3994 ullum
747 3942 869 4010 1111111111
906 3948 1019 4012 tyranne
1111 3944 1162 3995 145
1185 3945 1217 3995 ut
1238 3958 1292 3995 non
1312 3949 1368 3994 oms

222 4030 324 4099 puriter
359 4030 430 4083 tenti
486 4018 682 4099 1461111111]
720 4030 805 4083 statui
841 4030 949 4083 horrida
968 4048 1037 4101 pens
1056 4036 1097 4084 ost
1158 4030 1208 4083 147
1229 4045 1298 4100 quae
1316 4046 1368 4083 om.

225 4117 614 4188 1481101111111111111111111
691 4120 741 4171 149
760 4120 861 4172 teneris
935 4118 986 4174 150
1004 4119 1129 4187 ganderis
1148 4124 1225 4190 parte
1244 4118 1369 4189 quotiens

225 4207 276 4258 152
294 4206 438 4275 contemni]
457 4206 585 4275 temptari
602 4222 637 4260 ne
693 4208 743 4260 154
762 4206 843 4260 durat
899 4208 948 4261 157
967 4224 1014 4277 pro
1038 4208 1139 4277 pudore
1160 4250 1256 4261 ......
1275 4204 1367 4260 uultus

225 4295 339 4347 (lacuna
359 4298 378 4344 6
396 4295 447 4347 lin.
457 4313 467 4358 ;
484 4296 515 4345 in
533 4310 617 4361 11111111.
638 4296 755 4363 antiqno
774 4312 800 4347 111
819 4294 926 4363 Noluit)
