<?xml version="1.0" encoding="UTF-8"?>
<!DOCTYPE html PUBLIC "-//W3C//DTD XHTML 1.0 Transitional//EN"
    "http://www.w3.org/TR/xhtml1/DTD/xhtml1-transitional.dtd">
<html xmlns="http://www.w3.org/1999/xhtml" xml:lang="en" lang="en">
 <head>
  <title>
</title>
<meta http-equiv="Content-Type" content="text/html;charset=utf-8" />
  <meta name='ocr-system' content='tesseract 3.04.00' />
  <meta name='ocr-capabilities' content='ocr_page ocr_carea ocr_par ocr_line ocrx_word'/>
</head>
<body>
  <div class='ocr_page' id='page_1' title='image "./corpusscriptoru12wiengoog_0416.png"; bbox 0 0 3167 4975; ppageno 0'>
   <div class='ocr_carea' id='block_1_1' title="bbox 263 361 950 432">
    <p class='ocr_par' dir='ltr' id='par_1_1' title="bbox 263 361 950 432">
     <span class='ocr_line' id='line_1_1' title="bbox 263 361 950 432; baseline 0.003 -16"><span class='ocrx_word' id='word_1_1' title='bbox 263 361 311 416; x_wconf 84' lang='lat' dir='ltr'>XX</span> <span class='ocrx_word' id='word_1_2' title='bbox 705 364 950 432; x_wconf 85' lang='lat' dir='ltr'>Prolegomona.</span> 
     </span>
    </p>
   </div>
   <div class='ocr_carea' id='block_1_2' title="bbox 216 538 1401 1456">
    <p class='ocr_par' dir='ltr' id='par_1_2' title="bbox 216 538 1401 1456">
     <span class='ocr_line' id='line_1_2' title="bbox 305 538 1401 624; baseline 0 -22"><span class='ocrx_word' id='word_1_3' title='bbox 305 539 491 603; x_wconf 92' lang='lat' dir='ltr'>Iohannes</span> <span class='ocrx_word' id='word_1_4' title='bbox 515 539 647 604; x_wconf 86' lang='lat' dir='ltr'>Scotus</span> <span class='ocrx_word' id='word_1_5' title='bbox 671 540 718 604; x_wconf 88' lang='lat' dir='ltr'>De</span> <span class='ocrx_word' id='word_1_6' title='bbox 743 539 831 604; x_wconf 63' lang='lat' dir='ltr'>diuis·</span> <span class='ocrx_word' id='word_1_7' title='bbox 856 544 985 604; x_wconf 87' lang='lat' dir='ltr'>naturae</span> <span class='ocrx_word' id='word_1_8' title='bbox 1008 540 1040 602; x_wconf 94' lang='grc' dir='ltr'>ΙΙ</span> <span class='ocrx_word' id='word_1_9' title='bbox 1065 538 1102 601; x_wconf 83' lang='lat' dir='ltr'>ll</span> <span class='ocrx_word' id='word_1_10' title='bbox 1129 541 1181 623; x_wconf 84' lang='lat' dir='ltr'>(cf.</span> <span class='ocrx_word' id='word_1_11' title='bbox 1202 541 1302 624; x_wconf 86' lang='lat' dir='ltr'>Mign.</span> <span class='ocrx_word' id='word_1_12' title='bbox 1329 538 1401 620; x_wconf 89' lang='grc'>122,</span> 
     </span>
     <span class='ocr_line' id='line_1_3' title="bbox 262 639 1401 727; baseline 0.003 -22"><span class='ocrx_word' id='word_1_13' title='bbox 262 641 354 725; x_wconf 83' lang='lat'>550):</span> <span class='ocrx_word' id='word_1_14' title='bbox 379 641 459 723; x_wconf 83' lang='lat' dir='ltr'>Quid</span> <span class='ocrx_word' id='word_1_15' title='bbox 476 662 549 726; x_wconf 90' lang='lat' dir='ltr'>ergo</span> <span class='ocrx_word' id='word_1_16' title='bbox 566 645 691 724; x_wconf 90' lang='lat' dir='ltr'>mirum,</span> <span class='ocrx_word' id='word_1_17' title='bbox 708 645 735 707; x_wconf 93' lang='lat' dir='ltr'>si</span> <span class='ocrx_word' id='word_1_18' title='bbox 750 639 965 727; x_wconf 63' lang='lat' dir='ltr'>primordiales</span> <span class='ocrx_word' id='word_1_19' title='bbox 981 643 1153 708; x_wconf 90' lang='lat' dir='ltr'>uisibilium</span> <span class='ocrx_word' id='word_1_20' title='bbox 1168 662 1274 709; x_wconf 89' lang='lat' dir='ltr'>rerum</span> <span class='ocrx_word' id='word_1_21' title='bbox 1289 661 1401 708; x_wconf 86' lang='lat' dir='ltr'>causae</span> 
     </span>
     <span class='ocr_line' id='line_1_4' title="bbox 263 748 1401 832; baseline 0.001 -21"><span class='ocrx_word' id='word_1_22' title='bbox 263 751 363 811; x_wconf 89' lang='lat' dir='ltr'>terrac</span> <span class='ocrx_word' id='word_1_23' title='bbox 395 748 497 812; x_wconf 93' lang='lat' dir='ltr'>inanis</span> <span class='ocrx_word' id='word_1_24' title='bbox 533 751 564 812; x_wconf 91' lang='lat' dir='ltr'>et</span> <span class='ocrx_word' id='word_1_25' title='bbox 592 765 709 812; x_wconf 88' lang='lat' dir='ltr'>uacuae</span> <span class='ocrx_word' id='word_1_26' title='bbox 739 749 891 813; x_wconf 85' lang='lat' dir='ltr'>uocabulo</span> <span class='ocrx_word' id='word_1_27' title='bbox 921 748 1054 832; x_wconf 86' lang='lat' dir='ltr'>figurate</span> <span class='ocrx_word' id='word_1_28' title='bbox 1084 749 1291 830; x_wconf 82' lang='lat' dir='ltr'>insinuentur,</span> <span class='ocrx_word' id='word_1_29' title='bbox 1325 767 1401 832; x_wconf 87' lang='lat' dir='ltr'>prae</span> 
     </span>
     <span class='ocr_line' id='line_1_5' title="bbox 262 851 1401 934; baseline 0.002 -20"><span class='ocrx_word' id='word_1_30' title='bbox 262 852 359 916; x_wconf 90' lang='lat' dir='ltr'>nimia</span> <span class='ocrx_word' id='word_1_31' title='bbox 389 853 436 914; x_wconf 94' lang='lat' dir='ltr'>sui</span> <span class='ocrx_word' id='word_1_32' title='bbox 466 851 639 916; x_wconf 78' lang='lat' dir='ltr'>subtilitate</span> <span class='ocrx_word' id='word_1_33' title='bbox 672 851 883 934; x_wconf 83' lang='lat' dir='ltr'>ineffabilique</span> <span class='ocrx_word' id='word_1_34' title='bbox 917 854 1135 918; x_wconf 86' lang='lat' dir='ltr'>intellectualis</span> <span class='ocrx_word' id='word_1_35' title='bbox 1166 872 1241 916; x_wconf 92' lang='lat' dir='ltr'>suae</span> <span class='ocrx_word' id='word_1_36' title='bbox 1271 857 1401 917; x_wconf 90' lang='lat' dir='ltr'>naturae</span> 
     </span>
     <span class='ocr_line' id='line_1_6' title="bbox 262 956 1401 1039; baseline 0 -19"><span class='ocrx_word' id='word_1_37' title='bbox 262 956 475 1039; x_wconf 79' lang='lat' dir='ltr'>simplicitate,</span> <span class='ocrx_word' id='word_1_38' title='bbox 505 957 687 1038; x_wconf 88' lang='lat' dir='ltr'>priusquam</span> <span class='ocrx_word' id='word_1_39' title='bbox 709 958 740 1020; x_wconf 92' lang='lat' dir='ltr'>in</span> <span class='ocrx_word' id='word_1_40' title='bbox 763 975 880 1039; x_wconf 89' lang='lat' dir='ltr'>genera</span> <span class='ocrx_word' id='word_1_41' title='bbox 902 960 933 1020; x_wconf 90' lang='lat' dir='ltr'>et</span> <span class='ocrx_word' id='word_1_42' title='bbox 955 957 1072 1021; x_wconf 81' lang='lat' dir='ltr'>formas</span> <span class='ocrx_word' id='word_1_43' title='bbox 1095 957 1319 1039; x_wconf 87' lang='lat' dir='ltr'>sensibilesque</span> <span class='ocrx_word' id='word_1_44' title='bbox 1342 977 1401 1021; x_wconf 94' lang='lat' dir='ltr'>nu-</span> 
     </span>
     <span class='ocr_line' id='line_1_7' title="bbox 216 1059 1400 1144; baseline -0.001 -20"><span class='ocrx_word' id='word_1_45' title='bbox 216 1099 220 1108; x_wconf 90' lang='lat'>·</span> <span class='ocrx_word' id='word_1_46' title='bbox 263 1079 375 1140; x_wconf 91' lang='lat' dir='ltr'>meros,</span> <span class='ocrx_word' id='word_1_47' title='bbox 403 1060 436 1124; x_wconf 92' lang='lat' dir='ltr'>in</span> <span class='ocrx_word' id='word_1_48' title='bbox 463 1060 576 1142; x_wconf 89' lang='lat' dir='ltr'>quibus</span> <span class='ocrx_word' id='word_1_49' title='bbox 600 1061 698 1124; x_wconf 91' lang='lat' dir='ltr'>ueluti</span> <span class='ocrx_word' id='word_1_50' title='bbox 721 1059 909 1142; x_wconf 90' lang='lat' dir='ltr'>quibusdam</span> <span class='ocrx_word' id='word_1_51' title='bbox 933 1060 1057 1125; x_wconf 86' lang='lat' dir='ltr'>nebulis</span> <span class='ocrx_word' id='word_1_52' title='bbox 1080 1063 1233 1144; x_wconf 90' lang='lat' dir='ltr'>corporeis</span> <span class='ocrx_word' id='word_1_53' title='bbox 1258 1061 1400 1125; x_wconf 88' lang='lat' dir='ltr'>sensibus</span> 
     </span>
     <span class='ocr_line' id='line_1_8' title="bbox 263 1164 1400 1248; baseline 0 -20"><span class='ocrx_word' id='word_1_54' title='bbox 263 1168 421 1247; x_wconf 79' lang='lat' dir='ltr'>apparent,</span> <span class='ocrx_word' id='word_1_55' title='bbox 444 1184 499 1246; x_wconf 91' lang='lat' dir='ltr'>per</span> <span class='ocrx_word' id='word_1_56' title='bbox 522 1165 753 1248; x_wconf 85' lang='lat' dir='ltr'>generationem</span> <span class='ocrx_word' id='word_1_57' title='bbox 776 1164 976 1247; x_wconf 90' lang='lat' dir='ltr'>profluerent,</span> <span class='ocrx_word' id='word_1_58' title='bbox 999 1167 1122 1246; x_wconf 90' lang='lat' dir='ltr'>quando</span> <span class='ocrx_word' id='word_1_59' title='bbox 1145 1164 1303 1248; x_wconf 91' lang='lat' dir='ltr'>praedicta</span> <span class='ocrx_word' id='word_1_60' title='bbox 1325 1165 1400 1228; x_wconf 93' lang='lat' dir='ltr'>uisi-</span> 
     </span>
     <span class='ocr_line' id='line_1_9' title="bbox 261 1267 1400 1354; baseline 0.001 -22"><span class='ocrx_word' id='word_1_61' title='bbox 261 1267 331 1334; x_wconf 89' lang='lat' dir='ltr'>bilis</span> <span class='ocrx_word' id='word_1_62' title='bbox 362 1269 470 1333; x_wconf 90' lang='lat' dir='ltr'>mundi</span> <span class='ocrx_word' id='word_1_63' title='bbox 501 1271 600 1350; x_wconf 89' lang='lat' dir='ltr'>spatia</span> <span class='ocrx_word' id='word_1_64' title='bbox 630 1269 734 1333; x_wconf 88' lang='lat' dir='ltr'>inania</span> <span class='ocrx_word' id='word_1_65' title='bbox 761 1288 817 1333; x_wconf 93' lang='lat' dir='ltr'>seu</span> <span class='ocrx_word' id='word_1_66' title='bbox 840 1268 940 1333; x_wconf 86' lang='lat' dir='ltr'>uacua</span> <span class='ocrx_word' id='word_1_67' title='bbox 962 1286 1023 1333; x_wconf 92' lang='lat' dir='ltr'>non</span> <span class='ocrx_word' id='word_1_68' title='bbox 1047 1270 1217 1354; x_wconf 77' lang='lat' dir='ltr'>incongrue</span> <span class='ocrx_word' id='word_1_69' title='bbox 1239 1271 1400 1353; x_wconf 89' lang='lat' dir='ltr'>appellan-</span> 
     </span>
     <span class='ocr_line' id='line_1_10' title="bbox 261 1374 815 1456; baseline 0.002 -20"><span class='ocrx_word' id='word_1_70' title='bbox 261 1377 313 1437; x_wconf 89' lang='lat' dir='ltr'>tur</span> <span class='ocrx_word' id='word_1_71' title='bbox 335 1374 416 1438; x_wconf 91' lang='lat' dir='ltr'>sicut</span> <span class='ocrx_word' id='word_1_72' title='bbox 438 1374 481 1438; x_wconf 89' lang='lat' dir='ltr'>ait</span> <span class='ocrx_word' id='word_1_73' title='bbox 503 1374 630 1455; x_wconf 90' lang='lat' dir='ltr'>quidam</span> <span class='ocrx_word' id='word_1_74' title='bbox 651 1377 815 1456; x_wconf 86' lang='lat' dir='ltr'>poetarum</span> 
     </span>
    </p>
   </div>
   <div class='ocr_carea' id='block_1_3' title="bbox 349 1501 1312 1589">
    <p class='ocr_par' dir='ltr' id='par_1_3' title="bbox 349 1501 1312 1589">
     <span class='ocr_line' id='line_1_11' title="bbox 349 1501 1312 1589; baseline 0.003 -24"><span class='ocrx_word' id='word_1_75' title='bbox 349 1502 438 1566; x_wconf 85' lang='lat' dir='ltr'>Aera</span> <span class='ocrx_word' id='word_1_76' title='bbox 457 1525 521 1588; x_wconf 79' lang='lat' dir='ltr'>per</span> <span class='ocrx_word' id='word_1_77' title='bbox 542 1524 687 1566; x_wconf 80' lang='lat' dir='ltr'>uacuum</span> <span class='ocrx_word' id='word_1_78' title='bbox 709 1501 799 1566; x_wconf 84' lang='lat' dir='ltr'>saltu</span> <span class='ocrx_word' id='word_1_79' title='bbox 822 1502 1009 1566; x_wconf 81' lang='lat' dir='ltr'>iaculabere</span> <span class='ocrx_word' id='word_1_80' title='bbox 1031 1525 1149 1589; x_wconf 82' lang='lat' dir='ltr'>corpus</span> <span class='ocrx_word' id='word_1_81' title='bbox 1173 1503 1202 1587; x_wconf 79' lang='grc' dir='ltr'>(Ι</span> <span class='ocrx_word' id='word_1_82' title='bbox 1225 1502 1312 1588; x_wconf 83' lang='grc'><strong>388).</strong></span> 
     </span>
    </p>
   </div>
   <div class='ocr_carea' id='block_1_4' title="bbox 260 1634 1401 3386">
    <p class='ocr_par' dir='ltr' id='par_1_4' title="bbox 262 1634 1401 2031">
     <span class='ocr_line' id='line_1_12' title="bbox 304 1634 1401 1717; baseline -0.001 -19"><span class='ocrx_word' id='word_1_83' title='bbox 304 1635 356 1699; x_wconf 82' lang='lat' dir='ltr'>Ad</span> <span class='ocrx_word' id='word_1_84' title='bbox 364 1634 493 1698; x_wconf 89' lang='lat' dir='ltr'>quenci</span> <span class='ocrx_word' id='word_1_85' title='bbox 506 1634 840 1716; x_wconf 84' lang='lat' dir='ltr'>exempla1·Otfridus</span> <span class='ocrx_word' id='word_1_86' title='bbox 852 1635 1022 1699; x_wconf 91' lang='lat' dir='ltr'>monachus</span> <span class='ocrx_word' id='word_1_87' title='bbox 1036 1634 1401 1717; x_wconf 85' lang='lat' dir='ltr'>etpresbyterWeissen·</span> 
     </span>
     <span class='ocr_line' id='line_1_13' title="bbox 262 1739 1401 1822; baseline -0.001 -19"><span class='ocrx_word' id='word_1_88' title='bbox 262 1739 427 1822; x_wconf 89' lang='lat' dir='ltr'>burgensis</span> <span class='ocrx_word' id='word_1_89' title='bbox 448 1757 574 1803; x_wconf 91' lang='lat' dir='ltr'>carmen</span> <span class='ocrx_word' id='word_1_90' title='bbox 598 1757 699 1818; x_wconf 88' lang='lat' dir='ltr'>suum,</span> <span class='ocrx_word' id='word_1_91' title='bbox 724 1741 773 1802; x_wconf 89' lang='lat' dir='ltr'>oui</span> <span class='ocrx_word' id='word_1_92' title='bbox 796 1739 971 1803; x_wconf 90' lang='lat' dir='ltr'>inscribunt</span> <span class='ocrx_word' id='word_1_93' title='bbox 992 1739 1110 1820; x_wconf 85' lang='lat' dir='ltr'>,Krist‘,</span> <span class='ocrx_word' id='word_1_94' title='bbox 1133 1740 1250 1822; x_wconf 83' lang='lat' dir='ltr'>panxit,</span> <span class='ocrx_word' id='word_1_95' title='bbox 1274 1740 1312 1802; x_wconf 88' lang='lat' dir='ltr'>cf.</span> <span class='ocrx_word' id='word_1_96' title='bbox 1334 1740 1401 1802; x_wconf 91' lang='lat' dir='ltr'>eius</span> 
     </span>
     <span class='ocr_line' id='line_1_14' title="bbox 263 1841 1399 1926; baseline -0.001 -19"><span class='ocrx_word' id='word_1_97' title='bbox 263 1843 426 1926; x_wconf 88' lang='lat' dir='ltr'>epistolam</span> <span class='ocrx_word' id='word_1_98' title='bbox 459 1845 496 1907; x_wconf 93' lang='lat' dir='ltr'>ad</span> <span class='ocrx_word' id='word_1_99' title='bbox 527 1842 725 1907; x_wconf 89' lang='lat' dir='ltr'>Liutbertum</span> <span class='ocrx_word' id='word_1_100' title='bbox 759 1843 938 1926; x_wconf 91' lang='lat' dir='ltr'>episcopum</span> <span class='ocrx_word' id='word_1_101' title='bbox 969 1843 1193 1926; x_wconf 86' lang='lat' dir='ltr'>Moguntinum</span> <span class='ocrx_word' id='word_1_102' title='bbox 1222 1863 1304 1908; x_wconf 90' lang='lat' dir='ltr'>auno</span> <span class='ocrx_word' id='word_1_103' title='bbox 1335 1841 1399 1906; x_wconf 86' lang='grc'>865</span> 
     </span>
     <span class='ocr_line' id='line_1_15' title="bbox 263 1945 1152 2031; baseline 0 -21"><span class='ocrx_word' id='word_1_104' title='bbox 263 1947 370 2012; x_wconf 91' lang='lat' dir='ltr'>datam</span> <span class='ocrx_word' id='word_1_105' title='bbox 392 1947 444 2031; x_wconf 85' lang='lat' dir='ltr'>(cf.</span> <span class='ocrx_word' id='word_1_106' title='bbox 461 1946 554 2026; x_wconf 80' lang='lat' dir='ltr'>Jalid,</span> <span class='ocrx_word' id='word_1_107' title='bbox 577 1946 783 2011; x_wconf 88' lang='lat' dir='ltr'>Monumenta</span> <span class='ocrx_word' id='word_1_108' title='bbox 806 1947 992 2031; x_wconf 88' lang='lat' dir='ltr'>Moguntina</span> <span class='ocrx_word' id='word_1_109' title='bbox 1014 1969 1044 2031; x_wconf 88' lang='lat' dir='ltr'>p.</span> <span class='ocrx_word' id='word_1_110' title='bbox 1062 1945 1152 2030; x_wconf 76' lang='grc' dir='ltr'>328)ε</span> 
     </span>
    </p>

    <p class='ocr_par' dir='ltr' id='par_1_5' title="bbox 260 2051 1401 2972">
     <span class='ocr_line' id='line_1_16' title="bbox 305 2051 1399 2136; baseline 0 -21"><span class='ocrx_word' id='word_1_111' title='bbox 305 2051 453 2116; x_wconf 84' lang='lat' dir='ltr'>Petilioni</span> <span class='ocrx_word' id='word_1_112' title='bbox 483 2069 605 2133; x_wconf 90' lang='lat' dir='ltr'>quoque</span> <span class='ocrx_word' id='word_1_113' title='bbox 639 2053 805 2135; x_wconf 88' lang='lat' dir='ltr'>iungentes</span> <span class='ocrx_word' id='word_1_114' title='bbox 839 2053 1086 2134; x_wconf 89' lang='lat' dir='ltr'>queremoniam,</span> <span class='ocrx_word' id='word_1_115' title='bbox 1121 2053 1202 2135; x_wconf 90' lang='lat' dir='ltr'>quod</span> <span class='ocrx_word' id='word_1_116' title='bbox 1235 2052 1399 2136; x_wconf 84' lang='lat' dir='ltr'>gentilium</span> 
     </span>
     <span class='ocr_line' id='line_1_17' title="bbox 263 2154 1400 2239; baseline -0.001 -19"><span class='ocrx_word' id='word_1_117' title='bbox 263 2158 352 2220; x_wconf 91' lang='lat' dir='ltr'>uates</span> <span class='ocrx_word' id='word_1_118' title='bbox 383 2159 418 2220; x_wconf 91' lang='lat' dir='ltr'>ut</span> <span class='ocrx_word' id='word_1_119' title='bbox 440 2155 595 2239; x_wconf 90' lang='lat' dir='ltr'>Vergilius</span> <span class='ocrx_word' id='word_1_120' title='bbox 618 2155 763 2220; x_wconf 89' lang='lat' dir='ltr'>Lucanus</span> <span class='ocrx_word' id='word_1_121' title='bbox 787 2154 917 2221; x_wconf 90' lang='lat' dir='ltr'>Ouidius</span> <span class='ocrx_word' id='word_1_122' title='bbox 948 2159 1124 2238; x_wconf 88' lang='lat' dir='ltr'>caeterique</span> <span class='ocrx_word' id='word_1_123' title='bbox 1146 2157 1400 2239; x_wconf 91' lang='lat' dir='ltr'>quamplurimi,</span> 
     </span>
     <span class='ocr_line' id='line_1_18' title="bbox 262 2260 1401 2344; baseline 0 -20"><span class='ocrx_word' id='word_1_124' title='bbox 262 2279 390 2325; x_wconf 89' lang='lat' dir='ltr'>suorum</span> <span class='ocrx_word' id='word_1_125' title='bbox 412 2260 495 2324; x_wconf 85' lang='lat' dir='ltr'>facta</span> <span class='ocrx_word' id='word_1_126' title='bbox 518 2260 699 2324; x_wconf 77' lang='lat' dir='ltr'>decorarent</span> <span class='ocrx_word' id='word_1_127' title='bbox 717 2261 825 2344; x_wconf 91' lang='lat' dir='ltr'>lingua</span> <span class='ocrx_word' id='word_1_128' title='bbox 841 2262 956 2342; x_wconf 89' lang='lat' dir='ltr'>natiua,</span> <span class='ocrx_word' id='word_1_129' title='bbox 978 2279 1110 2343; x_wconf 91' lang='lat' dir='ltr'>quorum</span> <span class='ocrx_word' id='word_1_130' title='bbox 1126 2262 1189 2325; x_wconf 91' lang='lat' dir='ltr'>iam</span> <span class='ocrx_word' id='word_1_131' title='bbox 1204 2261 1401 2325; x_wconf 92' lang='lat' dir='ltr'>uoluminum</span> 
     </span>
     <span class='ocr_line' id='line_1_19' title="bbox 262 2363 1400 2448; baseline -0.003 -18"><span class='ocrx_word' id='word_1_132' title='bbox 262 2365 352 2430; x_wconf 87' lang='lat' dir='ltr'>dictis</span> <span class='ocrx_word' id='word_1_133' title='bbox 382 2363 531 2428; x_wconf 88' lang='lat' dir='ltr'>fluctuare</span> <span class='ocrx_word' id='word_1_134' title='bbox 562 2365 778 2448; x_wconf 87' lang='lat' dir='ltr'>cognoscimus</span> <span class='ocrx_word' id='word_1_135' title='bbox 809 2365 975 2446; x_wconf 91' lang='lat' dir='ltr'>mundum,</span> <span class='ocrx_word' id='word_1_136' title='bbox 1010 2370 1134 2430; x_wconf 90' lang='lat' dir='ltr'>nostrae</span> <span class='ocrx_word' id='word_1_137' title='bbox 1168 2366 1264 2429; x_wconf 89' lang='lat' dir='ltr'>etiam</span> <span class='ocrx_word' id='word_1_138' title='bbox 1298 2368 1400 2429; x_wconf 87' lang='lat' dir='ltr'>sectae</span> 
     </span>
     <span class='ocr_line' id='line_1_20' title="bbox 262 2468 1399 2554; baseline -0.001 -20"><span class='ocrx_word' id='word_1_139' title='bbox 262 2468 552 2554; x_wconf 89' lang='lat' dir='ltr'>probatissimorum</span> <span class='ocrx_word' id='word_1_140' title='bbox 583 2469 721 2533; x_wconf 91' lang='lat' dir='ltr'>uirorum</span> <span class='ocrx_word' id='word_1_141' title='bbox 751 2470 836 2535; x_wconf 89' lang='lat' dir='ltr'>facta</span> <span class='ocrx_word' id='word_1_142' title='bbox 858 2469 1027 2535; x_wconf 88' lang='lat' dir='ltr'>laudabant</span> <span class='ocrx_word' id='word_1_143' title='bbox 1049 2471 1218 2551; x_wconf 89' lang='lat' dir='ltr'>quenci,</span> <span class='ocrx_word' id='word_1_144' title='bbox 1247 2470 1399 2550; x_wconf 81' lang='lat' dir='ltr'>Aratoris,</span> 
     </span>
     <span class='ocr_line' id='line_1_21' title="bbox 261 2574 1400 2658; baseline -0.001 -20"><span class='ocrx_word' id='word_1_145' title='bbox 261 2574 422 2639; x_wconf 88' lang='lat' dir='ltr'>Prudentii</span> <span class='ocrx_word' id='word_1_146' title='bbox 453 2579 708 2656; x_wconf 88' lang='lat' dir='ltr'>caeterorumque</span> <span class='ocrx_word' id='word_1_147' title='bbox 738 2576 920 2656; x_wconf 89' lang='lat' dir='ltr'>multorum,</span> <span class='ocrx_word' id='word_1_148' title='bbox 951 2575 1004 2657; x_wconf 92' lang='lat' dir='ltr'>qui</span> <span class='ocrx_word' id='word_1_149' title='bbox 1035 2593 1091 2639; x_wconf 90' lang='lat' dir='ltr'>sua</span> <span class='ocrx_word' id='word_1_150' title='bbox 1120 2575 1230 2658; x_wconf 88' lang='lat' dir='ltr'>lingua</span> <span class='ocrx_word' id='word_1_151' title='bbox 1259 2575 1342 2639; x_wconf 88' lang='lat' dir='ltr'>diota</span> <span class='ocrx_word' id='word_1_152' title='bbox 1369 2578 1400 2638; x_wconf 94' lang='lat' dir='ltr'>et</span> 
     </span>
     <span class='ocr_line' id='line_1_22' title="bbox 260 2679 1398 2760; baseline -0.001 -17"><span class='ocrx_word' id='word_1_153' title='bbox 260 2679 411 2743; x_wconf 87' lang='lat' dir='ltr'>miracula</span> <span class='ocrx_word' id='word_1_154' title='bbox 434 2679 549 2743; x_wconf 81' lang='lat' dir='ltr'>Christi</span> <span class='ocrx_word' id='word_1_155' title='bbox 573 2680 719 2743; x_wconf 90' lang='lat' dir='ltr'>decenter</span> <span class='ocrx_word' id='word_1_156' title='bbox 742 2680 910 2753; x_wconf 87' lang='lat' dir='ltr'>ornabant;</span> <span class='ocrx_word' id='word_1_157' title='bbox 938 2697 993 2743; x_wconf 90' lang='lat' dir='ltr'>nos</span> <span class='ocrx_word' id='word_1_158' title='bbox 1017 2698 1101 2760; x_wconf 90' lang='lat' dir='ltr'>uero,</span> <span class='ocrx_word' id='word_1_159' title='bbox 1124 2679 1267 2760; x_wconf 88' lang='lat' dir='ltr'>quamuis</span> <span class='ocrx_word' id='word_1_160' title='bbox 1291 2679 1398 2743; x_wconf 88' lang='lat' dir='ltr'>eadem</span> 
     </span>
     <span class='ocr_line' id='line_1_23' title="bbox 260 2782 1398 2867; baseline 0 -21"><span class='ocrx_word' id='word_1_161' title='bbox 260 2782 321 2847; x_wconf 90' lang='lat' dir='ltr'>fide</span> <span class='ocrx_word' id='word_1_162' title='bbox 345 2784 515 2865; x_wconf 89' lang='lat' dir='ltr'>eademque</span> <span class='ocrx_word' id='word_1_163' title='bbox 537 2784 638 2867; x_wconf 90' lang='lat' dir='ltr'>gratia</span> <span class='ocrx_word' id='word_1_164' title='bbox 661 2784 805 2848; x_wconf 86' lang='lat' dir='ltr'>instructi</span> <span class='ocrx_word' id='word_1_165' title='bbox 828 2783 1003 2848; x_wconf 89' lang='lat' dir='ltr'>diuinorum</span> <span class='ocrx_word' id='word_1_166' title='bbox 1018 2783 1186 2848; x_wconf 89' lang='lat' dir='ltr'>uerborum</span> <span class='ocrx_word' id='word_1_167' title='bbox 1202 2783 1398 2867; x_wconf 88' lang='lat' dir='ltr'>splendorem</span> 
     </span>
     <span class='ocr_line' id='line_1_24' title="bbox 261 2887 1311 2972; baseline 0 -21"><span class='ocrx_word' id='word_1_168' title='bbox 261 2887 471 2951; x_wconf 89' lang='lat' dir='ltr'>clarissimum</span> <span class='ocrx_word' id='word_1_169' title='bbox 494 2887 629 2970; x_wconf 89' lang='lat' dir='ltr'>proferre</span> <span class='ocrx_word' id='word_1_170' title='bbox 652 2889 776 2971; x_wconf 87' lang='lat' dir='ltr'>propria</span> <span class='ocrx_word' id='word_1_171' title='bbox 798 2888 906 2971; x_wconf 90' lang='lat' dir='ltr'>lingua</span> <span class='ocrx_word' id='word_1_172' title='bbox 929 2887 1075 2952; x_wconf 89' lang='lat' dir='ltr'>dicebant</span> <span class='ocrx_word' id='word_1_173' title='bbox 1097 2887 1311 2972; x_wconf 88' lang='lat' dir='ltr'>pigrescere.1)</span> 
     </span>
    </p>

    <p class='ocr_par' dir='ltr' id='par_1_6' title="bbox 261 2990 1399 3386">
     <span class='ocr_line' id='line_1_25' title="bbox 305 2990 1398 3075; baseline -0.003 -19"><span class='ocrx_word' id='word_1_174' title='bbox 305 2990 433 3056; x_wconf 88' lang='lat' dir='ltr'>Saeculo</span> <span class='ocrx_word' id='word_1_175' title='bbox 456 2992 575 3056; x_wconf 91' lang='lat' dir='ltr'>decimo</span> <span class='ocrx_word' id='word_1_176' title='bbox 598 2993 726 3057; x_wconf 90' lang='lat' dir='ltr'>ineunte</span> <span class='ocrx_word' id='word_1_177' title='bbox 749 2993 877 3056; x_wconf 90' lang='lat' dir='ltr'>quenci</span> <span class='ocrx_word' id='word_1_178' title='bbox 900 2994 1090 3057; x_wconf 88' lang='lat' dir='ltr'>mentionem</span> <span class='ocrx_word' id='word_1_179' title='bbox 1111 2992 1189 3056; x_wconf 90' lang='lat' dir='ltr'>facit</span> <span class='ocrx_word' id='word_1_180' title='bbox 1207 2992 1398 3075; x_wconf 87' lang='lat' dir='ltr'>Remigius</span> 
     </span>
     <span class='ocr_line' id='line_1_26' title="bbox 263 3094 1399 3181; baseline -0.004 -22"><span class='ocrx_word' id='word_1_181' title='bbox 263 3094 383 3160; x_wconf 81' lang='lat' dir='ltr'>Autiss</span> <span class='ocrx_word' id='word_1_182' title='bbox 407 3097 444 3159; x_wconf 92' lang='lat' dir='ltr'>de</span> <span class='ocrx_word' id='word_1_183' title='bbox 468 3096 588 3160; x_wconf 87' lang='lat' dir='ltr'>musica</span> <span class='ocrx_word' id='word_1_184' title='bbox 611 3096 671 3179; x_wconf 85' lang='lat' dir='ltr'>(ed.</span> <span class='ocrx_word' id='word_1_185' title='bbox 688 3097 786 3181; x_wconf 89' lang='lat' dir='ltr'>Mign.</span> <span class='ocrx_word' id='word_1_186' title='bbox 809 3101 831 3161; x_wconf 91' lang='lat' dir='ltr'>t.</span> <span class='ocrx_word' id='word_1_187' title='bbox 852 3094 913 3159; x_wconf 84' lang='grc'>132</span> <span class='ocrx_word' id='word_1_188' title='bbox 934 3116 965 3178; x_wconf 91' lang='lat' dir='ltr'>p.</span> <span class='ocrx_word' id='word_1_189' title='bbox 982 3096 1072 3181; x_wconf 81' lang='lat'>951):</span> <span class='ocrx_word' id='word_1_190' title='bbox 1097 3097 1276 3181; x_wconf 77' lang='lat' dir='ltr'>strongylus</span> <span class='ocrx_word' id='word_1_191' title='bbox 1299 3118 1399 3177; x_wconf 72' lang='grc' dir='ltr'>στρογ-</span> 
     </span>
     <span class='ocr_line' id='line_1_27' title="bbox 261 3201 1398 3285; baseline 0.002 -24"><span class='ocrx_word' id='word_1_192' title='bbox 261 3202 347 3279; x_wconf 80' lang='grc' dir='ltr'>γύλος</span> <span class='ocrx_word' id='word_1_193' title='bbox 370 3219 480 3265; x_wconf 90' lang='lat' dir='ltr'>uersus</span> <span class='ocrx_word' id='word_1_194' title='bbox 504 3201 623 3281; x_wconf 90' lang='lat' dir='ltr'>dicitnr,</span> <span class='ocrx_word' id='word_1_195' title='bbox 646 3201 680 3264; x_wconf 91' lang='lat' dir='ltr'>in</span> <span class='ocrx_word' id='word_1_196' title='bbox 702 3220 764 3284; x_wconf 88' lang='lat' dir='ltr'>quo</span> <span class='ocrx_word' id='word_1_197' title='bbox 787 3202 874 3266; x_wconf 91' lang='lat' dir='ltr'>nulla</span> <span class='ocrx_word' id='word_1_198' title='bbox 895 3220 967 3285; x_wconf 91' lang='lat' dir='ltr'>pars</span> <span class='ocrx_word' id='word_1_199' title='bbox 989 3202 1138 3266; x_wconf 89' lang='lat' dir='ltr'>orationis</span> <span class='ocrx_word' id='word_1_200' title='bbox 1157 3202 1282 3285; x_wconf 89' lang='lat' dir='ltr'>integra</span> <span class='ocrx_word' id='word_1_201' title='bbox 1296 3202 1398 3265; x_wconf 90' lang='lat' dir='ltr'>locum</span> 
     </span>
     <span class='ocr_line' id='line_1_28' title="bbox 263 3303 561 3386; baseline 0.007 -19"><span class='ocrx_word' id='word_1_202' title='bbox 263 3304 348 3386; x_wconf 86' lang='lat' dir='ltr'>podis</span> <span class='ocrx_word' id='word_1_203' title='bbox 372 3303 503 3385; x_wconf 87' lang='lat' dir='ltr'>obtinet,</span> <span class='ocrx_word' id='word_1_204' title='bbox 527 3308 561 3369; x_wconf 91' lang='lat' dir='ltr'>ut</span> 
     </span>
    </p>
   </div>
   <div class='ocr_carea' id='block_1_5' title="bbox 361 3423 1296 3513">
    <p class='ocr_par' dir='ltr' id='par_1_7' title="bbox 361 3423 1296 3513">
     <span class='ocr_line' id='line_1_29' title="bbox 361 3423 1296 3513; baseline 0.003 -27"><span class='ocrx_word' id='word_1_205' title='bbox 361 3423 536 3489; x_wconf 72' lang='lat' dir='ltr'>inmortale</span> <span class='ocrx_word' id='word_1_206' title='bbox 558 3424 646 3489; x_wconf 71' lang='lat' dir='ltr'>aaliz</span> <span class='ocrx_word' id='word_1_207' title='bbox 667 3426 782 3490; x_wconf 84' lang='lat' dir='ltr'>mandi</span> <span class='ocrx_word' id='word_1_208' title='bbox 805 3448 951 3513; x_wconf 76' lang='lat' dir='ltr'>compage</span> <span class='ocrx_word' id='word_1_209' title='bbox 974 3436 1101 3490; x_wconf 80' lang='lat' dir='ltr'>terretur</span> <span class='ocrx_word' id='word_1_210' title='bbox 1123 3427 1233 3512; x_wconf 84' lang='lat' dir='ltr'>(praef.</span> <span class='ocrx_word' id='word_1_211' title='bbox 1253 3427 1296 3510; x_wconf 86' lang='lat'>1),</span> 
     </span>
    </p>
   </div>
   <div class='ocr_carea' id='block_1_6' title="bbox 260 3547 1399 4051">
    <p class='ocr_par' dir='ltr' id='par_1_8' title="bbox 260 3547 1399 4051">
     <span class='ocr_line' id='line_1_30' title="bbox 260 3547 1294 3637; baseline 0.002 -27"><span class='ocrx_word' id='word_1_212' title='bbox 260 3548 292 3610; x_wconf 91' lang='lat' dir='ltr'>in</span> <span class='ocrx_word' id='word_1_213' title='bbox 315 3547 374 3611; x_wconf 87' lang='lat' dir='ltr'>hoc</span> <span class='ocrx_word' id='word_1_214' title='bbox 397 3548 478 3611; x_wconf 94' lang='lat' dir='ltr'>enim</span> <span class='ocrx_word' id='word_1_215' title='bbox 502 3568 596 3613; x_wconf 90' lang='lat' dir='ltr'>uersu</span> <span class='ocrx_word' id='word_1_216' title='bbox 619 3550 723 3613; x_wconf 90' lang='lat' dir='ltr'>nullus</span> <span class='ocrx_word' id='word_1_217' title='bbox 746 3568 802 3631; x_wconf 91' lang='lat' dir='ltr'>pes</span> <span class='ocrx_word' id='word_1_218' title='bbox 825 3550 974 3614; x_wconf 89' lang='lat' dir='ltr'>terminat</span> <span class='ocrx_word' id='word_1_219' title='bbox 995 3554 1117 3632; x_wconf 90' lang='lat' dir='ltr'>partem</span> <span class='ocrx_word' id='word_1_220' title='bbox 1140 3549 1294 3637; x_wconf 84' lang='lat' dir='ltr'>orationis.</span> 
     </span>
     <span class='ocr_line' id='line_1_31' title="bbox 304 3652 1397 3737; baseline 0 -22"><span class='ocrx_word' id='word_1_221' title='bbox 304 3652 397 3715; x_wconf 92' lang='lat' dir='ltr'>Hom.</span> <span class='ocrx_word' id='word_1_222' title='bbox 409 3652 469 3717; x_wconf 89' lang='lat' dir='ltr'>VH</span> <span class='ocrx_word' id='word_1_223' title='bbox 485 3652 540 3736; x_wconf 83' lang='lat' dir='ltr'>(ib.</span> <span class='ocrx_word' id='word_1_224' title='bbox 557 3674 587 3736; x_wconf 94' lang='lat' dir='ltr'>p.</span> <span class='ocrx_word' id='word_1_225' title='bbox 605 3652 697 3737; x_wconf 83' lang='lat'>900):</span> <span class='ocrx_word' id='word_1_226' title='bbox 718 3654 802 3718; x_wconf 91' lang='lat' dir='ltr'>Nam</span> <span class='ocrx_word' id='word_1_227' title='bbox 826 3655 878 3718; x_wconf 92' lang='lat' dir='ltr'>alii</span> <span class='ocrx_word' id='word_1_228' title='bbox 893 3655 1001 3718; x_wconf 91' lang='lat' dir='ltr'>dicunt</span> <span class='ocrx_word' id='word_1_229' title='bbox 1015 3655 1084 3719; x_wconf 89' lang='lat' dir='ltr'>illos</span> <span class='ocrx_word' id='word_1_230' title='bbox 1100 3653 1197 3717; x_wconf 89' lang='lat' dir='ltr'>fuisse</span> <span class='ocrx_word' id='word_1_231' title='bbox 1216 3654 1397 3733; x_wconf 84' lang='lat' dir='ltr'>Chaldaeos,</span> 
     </span>
     <span class='ocr_line' id='line_1_32' title="bbox 262 3754 1398 3841; baseline 0.002 -22"><span class='ocrx_word' id='word_1_232' title='bbox 262 3754 409 3821; x_wconf 80' lang='lat' dir='ltr'>Chaldaei</span> <span class='ocrx_word' id='word_1_233' title='bbox 426 3757 508 3820; x_wconf 91' lang='lat' dir='ltr'>enim</span> <span class='ocrx_word' id='word_1_234' title='bbox 526 3758 651 3822; x_wconf 89' lang='lat' dir='ltr'>stellam</span> <span class='ocrx_word' id='word_1_235' title='bbox 666 3776 721 3841; x_wconf 91' lang='lat' dir='ltr'>pro</span> <span class='ocrx_word' id='word_1_236' title='bbox 732 3759 800 3823; x_wconf 92' lang='lat' dir='ltr'>Dco</span> <span class='ocrx_word' id='word_1_237' title='bbox 816 3758 960 3824; x_wconf 88' lang='lat' dir='ltr'>colebant</span> <span class='ocrx_word' id='word_1_238' title='bbox 975 3763 1007 3823; x_wconf 91' lang='lat' dir='ltr'>et</span> <span class='ocrx_word' id='word_1_239' title='bbox 1022 3759 1135 3823; x_wconf 87' lang='lat' dir='ltr'>idcirco</span> <span class='ocrx_word' id='word_1_240' title='bbox 1148 3758 1300 3839; x_wconf 72' lang='lat' dir='ltr'>oluerunt,</span> <span class='ocrx_word' id='word_1_241' title='bbox 1315 3758 1398 3839; x_wconf 89' lang='lat' dir='ltr'>quod</span> 
     </span>
     <span class='ocr_line' id='line_1_33' title="bbox 261 3860 1399 3944; baseline 0.001 -20"><span class='ocrx_word' id='word_1_242' title='bbox 261 3862 492 3944; x_wconf 89' lang='lat' dir='ltr'>nuncupatiuus</span> <span class='ocrx_word' id='word_1_243' title='bbox 517 3862 592 3925; x_wconf 89' lang='lat' dir='ltr'>deus</span> <span class='ocrx_word' id='word_1_244' title='bbox 616 3880 722 3926; x_wconf 90' lang='lat' dir='ltr'>eorum</span> <span class='ocrx_word' id='word_1_245' title='bbox 745 3864 916 3927; x_wconf 89' lang='lat' dir='ltr'>ostenderit</span> <span class='ocrx_word' id='word_1_246' title='bbox 938 3882 1048 3927; x_wconf 91' lang='lat' dir='ltr'>uerum</span> <span class='ocrx_word' id='word_1_247' title='bbox 1064 3863 1166 3926; x_wconf 91' lang='lat' dir='ltr'>Deum</span> <span class='ocrx_word' id='word_1_248' title='bbox 1190 3868 1309 3928; x_wconf 89' lang='lat' dir='ltr'>natum.</span> <span class='ocrx_word' id='word_1_249' title='bbox 1333 3860 1399 3926; x_wconf 84' lang='lat' dir='ltr'>Alii</span> 
     </span>
     <span class='ocr_line' id='line_1_34' title="bbox 262 3963 1303 4051; baseline 0.002 -23"><span class='ocrx_word' id='word_1_250' title='bbox 262 3963 370 4029; x_wconf 88' lang='lat' dir='ltr'>dicunt</span> <span class='ocrx_word' id='word_1_251' title='bbox 391 3965 503 4031; x_wconf 89' lang='lat' dir='ltr'>Persas</span> <span class='ocrx_word' id='word_1_252' title='bbox 527 3966 622 4031; x_wconf 82' lang='lat' dir='ltr'>luisse</span> <span class='ocrx_word' id='word_1_253' title='bbox 645 3972 769 4050; x_wconf 88' lang='lat' dir='ltr'>propter</span> <span class='ocrx_word' id='word_1_254' title='bbox 791 3968 881 4032; x_wconf 92' lang='lat' dir='ltr'>illum</span> <span class='ocrx_word' id='word_1_255' title='bbox 903 3967 1155 4051; x_wconf 82' lang='lat' dir='ltr'>Metrocarii²)</span> <span class='ocrx_word' id='word_1_256' title='bbox 1177 3986 1303 4031; x_wconf 91' lang='lat' dir='ltr'>uersum</span> 
     </span>
    </p>
   </div>
   <div class='ocr_carea' id='block_1_7' title="bbox 287 4082 1374 4174">
    <p class='ocr_par' dir='ltr' id='par_1_9' title="bbox 287 4082 1374 4174">
     <span class='ocr_line' id='line_1_35' title="bbox 287 4082 1374 4174; baseline 0.005 -28"><span class='ocrx_word' id='word_1_257' title='bbox 287 4083 376 4147; x_wconf 82' lang='lat' dir='ltr'>Tunc</span> <span class='ocrx_word' id='word_1_258' title='bbox 398 4082 489 4148; x_wconf 81' lang='lat' dir='ltr'>iubat</span> <span class='ocrx_word' id='word_1_259' title='bbox 511 4096 539 4149; x_wconf 87' lang='lat' dir='ltr'>ct</span> <span class='ocrx_word' id='word_1_260' title='bbox 560 4085 678 4150; x_wconf 80' lang='lat' dir='ltr'>Persae</span> <span class='ocrx_word' id='word_1_261' title='bbox 701 4086 832 4151; x_wconf 84' lang='lat' dir='ltr'>colerem</span> <span class='ocrx_word' id='word_1_262' title='bbox 849 4086 1045 4173; x_wconf 80' lang='lat' dir='ltr'>protendere</span> <span class='ocrx_word' id='word_1_263' title='bbox 1067 4109 1212 4174; x_wconf 73' lang='lat' dir='ltr'>pressam</span> <span class='ocrx_word' id='word_1_264' title='bbox 1235 4090 1263 4171; x_wconf 84' lang='grc' dir='ltr'>(Ι</span> <span class='ocrx_word' id='word_1_265' title='bbox 1286 4086 1374 4171; x_wconf 79' lang='grc'><strong>241).</strong></span> 
     </span>
    </p>
   </div>
   <div class='ocr_carea' id='block_1_8' title="bbox 306 4223 989 4383">
    <p class='ocr_par' dir='ltr' id='par_1_10' title="bbox 306 4223 989 4383">
     <span class='ocr_line' id='line_1_36' title="bbox 307 4223 989 4295; baseline 0.006 -19"><span class='ocrx_word' id='word_1_266' title='bbox 307 4224 325 4290; x_wconf 80' lang='lat'>¹)</span> <span class='ocrx_word' id='word_1_267' title='bbox 344 4224 378 4277; x_wconf 87' lang='lat' dir='ltr'>cf.</span> <span class='ocrx_word' id='word_1_268' title='bbox 391 4223 502 4287; x_wconf 84' lang='lat' dir='ltr'>Marold‚</span> <span class='ocrx_word' id='word_1_269' title='bbox 522 4223 673 4291; x_wconf 81' lang='lat' dir='ltr'>Germania,</span> <span class='ocrx_word' id='word_1_270' title='bbox 691 4225 783 4295; x_wconf 84' lang='lat' dir='ltr'>Jahrg.</span> <span class='ocrx_word' id='word_1_271' title='bbox 800 4229 875 4290; x_wconf 89' lang='lat'>1886,</span> <span class='ocrx_word' id='word_1_272' title='bbox 892 4244 917 4295; x_wconf 87' lang='lat' dir='ltr'>p.</span> <span class='ocrx_word' id='word_1_273' title='bbox 934 4230 989 4283; x_wconf 88' lang='lat'>119.</span> 
     </span>
     <span class='ocr_line' id='line_1_37' title="bbox 306 4310 946 4383; baseline 0.003 -18"><span class='ocrx_word' id='word_1_274' title='bbox 306 4310 326 4377; x_wconf 80' lang='lat'>²)</span> <span class='ocrx_word' id='word_1_275' title='bbox 344 4312 415 4365; x_wconf 74' lang='lat' dir='ltr'>aliar</span> <span class='ocrx_word' id='word_1_276' title='bbox 434 4314 520 4364; x_wconf 89' lang='lat' dir='ltr'>metro</span> <span class='ocrx_word' id='word_1_277' title='bbox 539 4310 653 4377; x_wconf 83' lang='lat' dir='ltr'>Canarii,</span> <span class='ocrx_word' id='word_1_278' title='bbox 672 4316 706 4381; x_wconf 78' lang='lat' dir='ltr'>ef.</span> <span class='ocrx_word' id='word_1_279' title='bbox 719 4331 806 4383; x_wconf 84' lang='lat' dir='ltr'>supra</span> <span class='ocrx_word' id='word_1_280' title='bbox 822 4330 847 4381; x_wconf 90' lang='lat' dir='ltr'>p.</span> <span class='ocrx_word' id='word_1_281' title='bbox 861 4314 946 4367; x_wconf 86' lang='lat' dir='ltr'>XVII.</span> 
     </span>
    </p>
   </div>
   <div class='ocr_carea' id='block_1_9' title="bbox 0 0 1588 4975">
    <p class='ocr_par' dir='ltr' id='par_1_11' title="bbox 0 0 1588 4975">
     <span class='ocr_line' id='line_1_38' title="bbox 0 0 1588 4975; baseline 0 0"><span class='ocrx_word' id='word_1_282' title='bbox 0 0 1588 4975; x_wconf 95' lang='lat' dir='ltr'> </span> 
     </span>
    </p>
   </div>
  </div>
 </body>
</html>
