3167 4975
254 345 317 399 XVI
704 345 947 414 Prolegomena.

255 523 323 586 Tua
344 540 429 602 uero,
452 523 500 586 nir
524 521 710 601 uenerande,
734 522 883 585 sanctitas
903 521 1034 585 honoret
1056 522 1266 585 ministerium
1289 525 1393 586 tuum:

256 626 400 708 praedica
429 628 579 710 oportune
609 627 792 708 inoportuna
825 629 856 688 et
887 629 922 689 ut
949 628 1108 708 trapezeta
1135 627 1260 708 sapiens
1287 626 1394 690 multi-

254 730 337 814 plica
358 732 524 814 pecuniam
547 730 674 810 domini,
698 733 732 794 ut
756 730 885 794 donaria
908 730 1050 794 mercede
1073 730 1186 812 dignus
1211 729 1356 794 efficiaris

384 842 454 905 Hoc
477 864 558 927 opus
582 843 638 906 hoc
661 843 775 905 etenim
790 841 914 928 forsan
938 851 967 904 to
988 841 1155 905 subtrahit
1176 842 1257 929 iqui,

383 945 453 1010 Hoc
476 969 557 1032 opor
581 947 637 1010 hoc
660 947 773 1009 etenira
796 944 927 1008 caelesti
950 955 977 1008 tc
1001 945 1119 1009 inserit
1141 944 1274 1031 culae¹)

252 1061 433 1230 holdllrlllll
446 1165 525 1229 libro
543 1165 678 1228 secundo
695 1165 844 1228 aduersus
862 1164 998 1227 Felicem
1019 1163 1078 1228 cd
1099 1164 1151 1247 (cf.
1170 1164 1268 1248 Mign.
1282 1170 1305 1228 t.
1320 1164 1392 1246 101,

253 1268 344 1353 152);
357 1268 401 1334 At
413 1270 439 1333 si
451 1269 559 1333 mundi
571 1268 747 1334 doctoribus
758 1269 869 1332 ceteris
880 1268 968 1332 nobis
980 1287 1040 1332 non
1051 1269 1124 1332 licet
1133 1269 1266 1349 credere,
1279 1271 1392 1333 nestris

252 1373 363 1437 saltem
384 1373 571 1438 doctissimis
591 1373 664 1436 uiris
688 1373 813 1436 credite.
853 1372 973 1437 Oecinit
998 1373 1154 1437 quencns
1177 1372 1341 1456 presbyter
1361 1377 1393 1437 et

251 1478 449 1542 doctissimus
457 1477 617 1560 Hispanus
628 1477 831 1541 scholasticus
839 1478 873 1541 in
884 1477 1020 1541 carmine
1034 1477 1215 1559 euangelioo
1228 1477 1287 1542 hoc
1300 1478 1391 1542 modo

356 1598 430 1662 Noa
454 1608 513 1662 too
536 1599 715 1684 concipient
738 1597 870 1661 caelesti
892 1598 1023 1661 uiscera
1045 1599 1140 1661 icero

355 1703 489 1781 Natum,
514 1725 604 1787 pacm
628 1725 764 1789 reparare
788 1703 867 1766 &aa
886 1725 949 1788 per
971 1701 1131 1788 stapulo
1153 1703 1300 1787 cunctat

293 1826 412 1889 Rursus
436 1827 467 1888 in
491 1826 568 1890 libro
584 1825 616 1889 Π
632 1844 656 1889 o.
675 1824 694 1886 8
718 1827 757 1890 ad
771 1825 959 1909 lllipandum
984 1825 1036 1908 (cf.
1053 1826 1152 1908 Mign.
1169 1829 1190 1890 t.
1210 1823 1281 1904 101,
1298 1823 1389 1908 266);

249 1929 300 1993 Illi
313 1927 368 2011 (sc.
380 1933 484 2011 patres
497 1929 644 2012 Hispani)
658 1948 715 1993 sua
727 1930 904 1994 habuerunt
916 1935 1057 2012 tempora
1068 1929 1219 2011 nobisque
1231 1930 1391 2012 praeclara

249 2033 298 2096 sui
326 2034 445 2097 sudoris
473 2034 506 2096 in
534 2037 642 2097 sancta
670 2034 906 2098 conuersatione
932 2034 1126 2115 reliquerunt
1151 2033 1286 2118 uestigia
1312 2051 1390 2115 qnos

249 2137 423 2217 laudamus,
447 2155 589 2202 amamus
608 2189 613 2200 .
632 2188 638 2200 .
658 2189 664 2200 .
689 2137 778 2202 Beati
795 2138 900 2218 itaque
916 2137 1028 2201 Isidori
1045 2189 1051 2201 .
1070 2190 1076 2201 .
1095 2189 1101 2201 .
1119 2138 1173 2200 sed
1189 2142 1221 2202 et
1236 2138 1390 2201 quenci

247 2241 421 2322 presbyteri
451 2246 543 2326 atque
572 2241 681 2324 optimi
710 2242 897 2321 scholastici,
928 2261 1021 2323 quem
1044 2242 1154 2307 beatus
1177 2242 1389 2324 Hieronymus

248 2345 364 2425 laudat,
393 2347 531 2410 carmina
554 2346 753 2429 euangelioae
777 2345 924 2409 historiae
946 2347 1163 2427 prospeximus
1187 2347 1295 2430 (forte
1319 2364 1389 2428 per-

249 2449 437 2534 speximus),
473 2451 525 2532 qni
555 2451 588 2514 in
618 2449 752 2532 quodam
783 2468 877 2514 uersu
907 2448 1066 2514 Christum
1096 2450 1255 2534 proprium
1287 2449 1387 2515 lilium

247 2555 307 2618 Dei
330 2555 480 2620 catholico
504 2574 555 2619 ore
579 2574 640 2619 non
663 2555 844 2619 formidanit
867 2555 1034 2637 appellare,
1059 2556 1103 2619 ait
1126 2556 1209 2618 enim

250 2674 335 2737 Nam
359 2675 499 2760 (Querc.
525 2675 603 2760 ooo)
630 2685 687 2738 tuo
711 2676 893 2760 concipient
915 2674 1044 2738 caelesti
1066 2676 1196 2738 uiscera
1220 2676 1313 2739 icero

249 2778 383 2860 Natam,
408 2801 499 2864 quem
522 2802 657 2866 repncre
680 2778 769 2843 Deua
787 2802 852 2865 per
874 2777 1007 2842 saecrclc
1029 2789 1145 2841 cancta

247 2882 288 2944 Et
307 2884 486 2968 propriam
508 2884 599 2947 credi
620 2883 760 2947 subolem
782 2884 961 2970 pandetque
984 2882 1142 2967 iactatque,

247 2986 345 3049 Hunc
360 2987 419 3050 coi
433 2987 494 3051 aul>
508 2988 602 3075 lepern
615 2988 707 3075 (Iun.
720 2987 780 3051 aab
794 2987 909 3073 lucem)
925 2987 1053 3050 dederis
1064 2988 1245 3051 citocatiae
1256 2989 1385 3072 Iecur.³)

289 3110 520 3176 Theodnlfns
560 3114 723 3195 episcopus
763 3112 816 3175 ille
849 3112 1084 3175 Aurelianensis
1119 3112 1170 3193 (cf.
1202 3112 1386 3176 Dnemmler

245 3215 265 3277 l·
283 3212 531 3401 ἷθρὶἰὶῗὲἰζζιιοε
546 3321 649 3403 legere
666 3318 805 3383 solebam
827 3324 857 3383 et
878 3320 1010 3401 qualiter
1034 3320 1158 3383 fabulae
1180 3325 1343 3403 poetarum
1366 3340 1385 3384 a

244 3422 437 3504 philosophis
461 3424 592 3505 mystice
615 3426 843 3504 pertractentur
867 3423 909 3506 (n.
929 3422 996 3505 11):

369 3542 451 3607 Cura
474 3544 585 3608 decens
609 3548 734 3626 patrum
758 3563 816 3608 uec
839 3548 904 3609 erat
927 3549 1086 3627 postrema
1107 3547 1240 3627 piorum,

369 3646 508 3728 Quorum
531 3653 605 3713 sunt
628 3647 734 3712 subter
757 3650 884 3713 nomina
907 3650 1021 3733 scripta
1043 3649 1127 3714 uide:

369 3750 510 3816 Sedulius
533 3753 658 3832 rutilus,
682 3752 843 3834 Paulinus,
866 3752 991 3834 Arator,
1013 3753 1128 3818 Auitus

368 3855 409 3919 llt
430 3856 631 3936 Fortunatus,
654 3860 748 3939 tuque
771 3856 934 3921 lnneuce
957 3862 1101 3922 tonans.

289 4117 308 4183 ¹)
327 4115 360 4169 cf.
374 4132 453 4185 supra
472 4132 497 4183 p.
511 4114 568 4169 XV.

287 4204 307 4271 ²)
326 4201 387 4257 cf.I
406 4206 439 4257 60
452 4220 472 4255 s.

287 4290 307 4357 ³)
327 4287 387 4343 erl
405 4290 516 4344 60-63.
