3167 4975
644 347 886 416 Prolegomena.
1276 345 1337 398 XLI

195 525 348 590 notabiles
374 542 610 606 nonnumquam
635 524 673 587 ad
694 527 815 587 textum
830 527 914 587 recte
930 523 1184 587 constituendum
1201 522 1337 586 multum

194 631 330 695 ualeant.
376 629 480 694 Huius
509 629 620 693 aetatis
645 628 787 692 codicum
810 629 1101 710 praestantissimus
1125 631 1172 692 est
1196 627 1253 708 V„
1285 626 1338 707 qui

195 739 228 800 et
250 734 409 799 nonnullis
432 735 509 798 locis
532 733 642 798 unicus
665 733 834 796 lectionem
862 733 1031 815 genuinam
1056 732 1195 796 seruauit
1218 731 1271 814 (cf.
1288 729 1337 792 llI

198 837 271 921 192)
295 844 326 903 ct
341 838 524 921 saepissime
546 838 696 902 lectiones
720 837 833 902 codicis
851 837 874 901 G
890 836 1070 911 confirmem
1083 838 1132 901 ci.
1151 857 1178 900 e.
1195 855 1225 920 g.
1243 832 1338 899 1760

194 944 242 1008 ΠΙ
265 943 318 1023 44,
340 941 393 1024 59,
417 940 490 1024 205,
514 940 576 1004 227
601 943 646 1006 IV
670 940 742 1005 242.

238 1047 387 1113 Codicum
411 1067 435 1113 s.
452 1049 482 1111 X
497 1048 678 1112 inferiorum
695 1047 845 1111 lectiones
868 1047 993 1129 saepius
1016 1065 1110 1129 quam
1128 1047 1262 1111 sortasse
1285 1065 1337 1108 ex·
1359 1039 1492 1134 „offlam

195 1153 386 1236 spectaueris
410 1170 479 1217 cam
503 1153 542 1217 ob
567 1171 695 1216 causam
719 1152 851 1235 respexi,
879 1155 914 1215 ιιι
936 1152 1108 1235 imaginem
1136 1155 1238 1216 textus
1261 1169 1339 1234 pau-

194 1259 284 1323 latim
315 1258 488 1340 deprauati,
519 1257 633 1340 quippe
666 1277 682 1320 e
713 1260 922 1322 correctorum
950 1256 1080 1320 consilio
1107 1255 1262 1320 emendati
1286 1256 1339 1318 de-

194 1364 365 1447 pingerem.
406 1363 450 1426 llx
474 1362 523 1425 his
547 1363 704 1426 codicibus
721 1363 764 1426 Hl
788 1381 850 1426 non
873 1363 981 1446 paucis
1004 1362 1080 1426 locis
1104 1380 1175 1424 cum
1199 1360 1334 1442 codd.V¹

196 1472 227 1531 et
248 1467 288 1548 Vp
313 1467 389 1531 lacit
411 1467 449 1530 os.
468 1487 492 1530 c.
511 1467 573 1550 gl
597 1466 637 1529 31
662 1465 800 1550 (infert)
826 1467 856 1531 ΙΙ
880 1464 943 1528 328
970 1466 1112 1550 (iamque
1135 1465 1254 1527 ite-raam
1278 1473 1338 1527 tar-

196 1592 269 1632 rom
285 1580 488 1634 reuocauerat
503 1571 539 1632 ira
559 1568 737 1656 Golilccm)
763 1572 811 1636 III
827 1569 891 1634 369
909 1569 1029 1654 (ciacc),
1045 1571 1077 1636 H
1092 1589 1191 1654 paene
1208 1587 1338 1653 apogra-

194 1677 293 1759 phum
316 1675 429 1740 codicis
452 1676 560 1756 Best,
592 1677 636 1740 Hl
659 1695 752 1759 saepe
776 1695 848 1740 cum
872 1675 913 1757 V²
937 1675 1082 1756 concinit,
1110 1674 1138 1740 G
1161 1693 1233 1738 cum
1255 1675 1282 1737 B
1306 1678 1339 1737 et

195 1782 228 1844 L.
269 1781 389 1845 Codicis
413 1780 783 1865 Neoclaustroburgensis
806 1782 956 1845 lectiones
979 1780 1093 1862 ubique
1116 1781 1181 1844 fere
1204 1780 1337 1862 neglexi,

194 1889 262 1949 tum
296 1886 431 1968 respexi,
470 1904 541 1948 cum
579 1889 689 1950 notatu
728 1887 839 1970 dignas
871 1889 925 1950 aut
959 1903 1030 1949 cum
1064 1885 1223 1949 codicibus
1258 1886 1338 1949 anti·

195 1990 354 2071 quissimis
392 1994 600 2073 congruentes
632 1990 810 2054 exhibebat.
861 1989 1017 2054 Accurate
1051 1990 1160 2054 notaui
1194 1990 1337 2054 editionis

194 2093 379 2159 Poelmanni
409 2095 569 2175 lectiones
600 2113 672 2158 cum
705 2115 740 2158 ex
770 2095 808 2158 iis
837 2095 973 2159 maxime
995 2095 1210 2178 perspiciatur,
1241 2113 1337 2176 quam

195 2198 326 2263 studiosi
348 2198 489 2263 homines
512 2219 568 2282 per
591 2199 728 2266 medium
749 2217 864 2264 aeuum
887 2200 969 2264 docti
984 2200 1102 2264 fuerint
1118 2200 1268 2263 sermonis
1284 2200 1337 2263 Iu-

195 2303 338 2367 uenciani
360 2304 566 2386 proprietates
590 2304 718 2367 tollendi
742 2305 794 2368 uel
817 2304 986 2368 minuendi.

236 2408 366 2472 quenci
390 2409 516 2472 uerbis
541 2408 788 2492 explanandis
812 2408 872 2472 uiri
896 2409 978 2472 docti
994 2427 1049 2493 per
1065 2408 1202 2472 medium
1220 2426 1334 2472 aeuum
1357 2431 1441 2484 grossas

192 2532 318 2597 operam
331 2513 416 2578 haud
432 2514 576 2597 exiguam
588 2517 754 2577 nauarunt.
788 2513 973 2578 Glossarum
990 2532 1070 2595 quac
1086 2514 1188 2578 adhuc
1205 2517 1336 2593 restant,

190 2638 262 2701 pars
275 2620 383 2702 lingua
396 2619 495 2683 latius
508 2622 556 2682 est
571 2620 758 2701 conscripta,
775 2619 854 2682 aliae
870 2620 1048 2683 theutonice
1064 2619 1116 2682 uel
1128 2620 1201 2682 inice
1213 2623 1335 2682 sonant.

191 2723 381 2805 Plerumque
404 2724 485 2787 inter
501 2741 650 2787 uersuum
674 2724 772 2787 lineas
796 2724 953 2806 leguntur,
978 2724 1146 2787 nonnullae
1163 2741 1181 2786 a
1197 2724 1335 2787 carmine

192 2832 353 2910 separatae
378 2830 408 2891 et
430 2828 462 2892 in
486 2847 584 2891 unum
600 2828 748 2893 collectae
766 2828 978 2892 inueniuntur.
1014 2827 1065 2891 Ad
1080 2830 1218 2910 primum
1233 2847 1335 2912 genus

191 2932 371 2996 referendae
403 2945 476 2995 sunt
506 2933 628 3015 glossae
660 2952 739 3015 quae
766 2934 799 2997 in
823 2934 928 2996 codice
950 2933 978 2996 R
1002 2951 1020 2996 a
1042 2952 1138 2997 manu
1162 2934 1336 2996 recentiore

191 3037 338 3119 leguntur
368 3040 416 3100 ut:
448 3038 544 3119 prael.
572 3038 588 3099 1
623 3036 813 3100 itamartclc:
847 3038 1049 3118 inmutabile,
1082 3058 1187 3099 careo
1217 3037 1337 3099 Romo:

192 3145 319 3224 propter
349 3141 474 3205 diuitias
509 3146 541 3205 et
571 3143 752 3225 imperium,
786 3142 808 3205 3
838 3140 1054 3204 inrevocabile
1088 3151 1228 3226 temrpus:
1262 3143 1336 3223 qula

192 3264 315 3328 semper
338 3245 476 3309 uoluitur
500 3252 530 3310 ot
554 3248 700 3327 decurrit,
731 3246 752 3308 4
775 3269 853 3332 pao:
882 3247 1089 3329 usquedum,
1121 3255 1265 3308 torreas:
1287 3266 1337 3310 ar·

192 3350 279 3430 denS,
304 3348 321 3411 7
339 3346 571 3433 frequentant:
594 3353 764 3433 celebrant,
789 3350 808 3413 8
832 3349 1062 3413 adcumulant:
1084 3351 1115 3413 id
1139 3357 1187 3414 est
1210 3357 1335 3434 augent,

192 3452 212 3515 9
230 3451 320 3516 illos:
335 3472 454 3537 grecos,
478 3453 570 3517 celei:
586 3457 708 3535 excelsi,
726 3454 901 3541 Smyr-cae:
916 3456 1026 3519 ciuitas
1043 3456 1173 3535 homeri,
1182 3453 1336 3540 florentes:

192 3559 242 3622 uel
273 3557 398 3639 fluuius,
435 3556 474 3620 10
501 3558 667 3624 Maronis:
700 3562 834 3625 Mantua
865 3562 979 3645 uirgilii
1008 3560 1063 3624 ubi
1093 3561 1191 3625 currit
1220 3559 1335 3625 fluuius

192 3664 324 3728 mincius
348 3663 438 3727 aliter
461 3664 575 3728 mincia
598 3666 658 3729 fuit
680 3685 743 3730 una
766 3666 804 3729 de
828 3666 949 3748 sybillis
973 3684 1052 3746 quae
1077 3669 1203 3728 tantum
1218 3684 1335 3748 magna

191 3768 262 3848 fuit,
286 3771 322 3831 ut
338 3768 430 3831 stella
445 3769 502 3832 celi
526 3769 678 3833 diceretur
701 3771 772 3833 inde
796 3771 907 3834 dicitur
923 3770 1066 3853 uirgilius
1082 3770 1232 3833 cecinisse
1248 3787 1335 3833 more

191 3873 276 3936 illius
300 3876 331 3936 et
355 3876 403 3936 est
427 3892 538 3936 sensus
562 3874 644 3938 siout
665 3873 735 3938 fluit
758 3875 836 3938 illud
859 3874 977 3939 flumen
999 3876 1042 3938 sic
1065 3875 1119 3938 illo
1143 3883 1158 3937 1'·
1181 3875 1335 3957 sapientie

192 3981 223 4040 et
253 3980 287 4042 ut
318 3975 450 4041 firmitas
482 3978 618 4042 ciuitatis
642 3979 686 4042 ita
709 3979 835 4043 illorum
859 3983 1038 4043 sanctorum
1063 3980 1094 4042 in
1118 3980 1175 4043 hoc
1199 3980 1333 4042 saeculo.

192 4082 224 4145 in
245 4082 386 4165 margine
410 4101 490 4145 uers.
512 4080 552 4145 10
574 4084 702 4165 legitur:
734 4084 892 4148 troianos
916 4102 1072 4164 romanos
1099 4084 1135 4145 ll
1159 4083 1335 4145 discurrit:

192 4186 367 4265 conlaudat,
383 4196 515 4249 catam:
530 4190 704 4269 poetarum,
730 4186 770 4249 12
785 4196 954 4250 aeternae:
970 4208 1032 4253 non
1048 4194 1096 4253 est
1113 4194 1240 4253 aeterna
1255 4207 1334 4269 quae

192 4288 285 4353 finem
309 4290 414 4369 habet,
440 4288 480 4353 15
496 4289 637 4375 samem:
659 4292 778 4356 scilicet
793 4292 914 4359 homeri
931 4298 961 4357 et
983 4294 1109 4378 uirgilii,
1135 4291 1174 4357 18
1199 4291 1335 4356 tribuet:
