3167 4975
495 313 536 368 de
566 315 756 384 martyrio
783 313 1102 368 Maccahaeorum
1300 315 1364 378 249

353 529 391 575 ue
414 510 489 574 uani
511 514 641 593 pereant
662 509 752 594 ignes
776 509 935 574 dubiusne
959 507 1060 572 uideri

353 636 404 681 rer
427 615 540 700 possit.
564 622 650 681 certe
672 616 769 681 timor
792 615 941 681 est'mihi
963 615 1082 679 lemine
1104 615 1242 680 nullus.“

398 724 594 807 Praecipuus
616 723 656 788 de
679 727 774 808 gente
797 727 854 786 tua
876 721 1069 805 produceris
1093 740 1145 788 ore

354 837 386 896 et
409 831 515 914 specie
537 828 680 894 mirande
702 849 791 913 puer,
816 831 869 894 cui
890 831 1018 912 pectore
1041 828 1145 894 uirtus

353 939 444 1004 finon
465 944 583 1006 menet.
610 941 736 1022 iamque
763 939 849 1004 hunc
871 945 998 1023 poteras
1021 937 1074 1002 uel
1098 936 1223 1002 uincere
1250 955 1366 1022 regem.

353 1047 393 1110 ad
416 1067 510 1131 quem
534 1048 581 1113 sio
603 1046 728 1131 placido
750 1051 853 1110 meter
877 1065 1021 1111 sermono
1043 1045 1152 1109 locuta
1175 1047 1242 1108 est:

358 1152 410 1228 „Si
434 1153 507 1218 dere
531 1154 702 1236 conplexus
725 1151 820 1216 matri
843 1151 912 1226 tibi,
936 1153 1019 1224 note
1042 1150 1162 1225 liceret,

356 1259 517 1336 confiteor,
541 1259 602 1323 soli
623 1261 700 1342 post
721 1257 863 1334 uulnera,
888 1261 972 1334 nate,
997 1255 1175 1327 dedissem

355 1364 411 1430 sed
432 1385 484 1430 me
508 1364 586 1429 dure
608 1368 699 1430 netem
719 1365 886 1447 tristisque
908 1365 1052 1448 potentie
1072 1364 1166 1448 regis.

355 1472 489 1556 deneget
512 1472 685 1555 amplexus,
709 1470 786 1535 dnm
809 1471 852 1536 sit
874 1490 934 1536 nox
957 1471 1057 1536 libero
1079 1470 1170 1535 uobis

353 1582 387 1643 et
408 1578 505 1643 liceat
526 1579 709 1643 meminisse
734 1578 785 1642 dei
807 1578 973 1662 legemque
996 1581 1113 1651 tenere,

355 1705 416 1750 non
440 1703 460 1749 a
480 1704 554 1769 rogo
578 1685 694 1762 detero,
718 1685 775 1750 sed
799 1703 893 1768 quum
918 1683 996 1750 deus
1020 1684 1136 1748 arbiter
1158 1683 1242 1748 orbis

352 1791 484 1855 tradidit
505 1795 539 1856 ct
560 1790 671 1856 mundi
692 1794 807 1868 rector,
830 1791 1002 1872 Mosesque
1025 1789 1157 1872 petitam

353 1897 476 1980 accepit
497 1899 679 1981 populoque
704 1898 801 1966 dedit.
827 1897 879 1964 oui
901 1898 1038 1962 marimo
1060 1898 1129 1962 leus
1153 1899 1203 1960 est

352 2023 447 2070 nosse
471 2004 576 2084 deum,
598 2006 749 2069 meritum
773 2005 827 2069 cni
849 2024 907 2069 nos
931 2005 1084 2070 debemus
1108 2004 1267 2070 honorem.

354 2114 390 2174 tu
413 2110 508 2176 modo
532 2131 571 2174 ue
595 2110 722 2176 dubites
744 2110 876 2176 monitis
899 2129 1007 2194 purere
1031 2109 1179 2193 parentis

353 2218 395 2282 sit
418 2218 510 2302 uigor
534 2221 566 2281 et
588 2218 703 2294 uirtus,
727 2218 919 2301 penitusque
942 2217 974 2281 in
997 2223 1125 2299 pectore
1147 2222 1215 2282 toto

351 2341 442 2388 mons
464 2326 592 2386 moneat
612 2322 677 2387 iam
699 2323 794 2406 plene
816 2324 894 2390 deo:
919 2322 961 2388 sit
983 2323 1095 2388 fortior
1117 2327 1213 2398 netes,

352 2449 447 2513 (qnam
469 2449 576 2515 regem
602 2449 726 2514 sperare
749 2430 812 2496 fuit
834 2449 982 2515 superare
1005 2430 1177 2497 iubentem.

353 2558 371 2601 o
395 2542 514 2620 quauta
536 2543 586 2602 est
608 2537 723 2614 uirtus,
747 2540 866 2620 quauta
888 2540 938 2601 est
960 2536 1077 2601 fiducie
1098 2537 1191 2603 lorti!

352 2643 408 2708 sed
431 2644 495 2707 ium
518 2663 556 2707 ne
569 2643 707 2709 'dubites
729 2643 851 2708 modies
874 2644 1057 2731 peruincere
1080 2643 1241 2709 flammas:

353 2750 456 2814 uictor
479 2749 551 2821 eris.
576 2750 655 2813 mihi
679 2748 770 2814 orode
793 2768 881 2833 puer,
905 2748 1072 2832 uictorque
1095 2750 1222 2815 redibis.

351 2857 480 2923 ossibus
503 2860 536 2922 et
559 2856 676 2921 ualidis
698 2856 880 2922 miscebunt
902 2875 1032 2940 corpora
1054 2857 1152 2933 nemi,

352 2968 496 3029 seruatas
518 2964 641 3028 animes
664 2964 779 3028 iterum
802 2963 834 3027 iu
858 2981 942 3028 noue
964 2964 1087 3029 uiscera
1109 2963 1250 3028 reddent.

356 3070 412 3134 sed
435 3090 473 3134 ne
497 3070 578 3135 forto
601 3075 707 3135 temen
730 3069 859 3153 rapidus
882 3072 914 3134 te
937 3073 1053 3135 terrent
1075 3070 1168 3154 ignis,

350 3178 482 3241 fratrum
507 3194 597 3241 sume
620 3176 742 3242 animos
766 3180 992 3260 aeternumque
1014 3178 1129 3244 inuoeo
1151 3186 1296 3243 numen.“

351 3283 440 3349 iussa
463 3283 539 3348 lacit
561 3284 743 3366 tacitusque
767 3284 863 3349 deum
885 3288 1022 3349 testetur
1044 3288 1077 3350 et
1100 3288 1168 3350 oret

350 3408 523 3465 murmure,
548 3410 611 3473 quo
633 3394 768 3473 poteret.
794 3410 927 3474 puemm
951 3411 1013 3456 non
1035 3392 1171 3475 impedit
1193 3396 1291 3471 netes,

218 3498 282 3561 265
353 3516 413 3560 non
437 3498 547 3561 timuit
569 3500 687 3561 cratem
712 3497 897 3579 expositum.
921 3497 1076 3580 matrique
1100 3498 1219 3563 uolent'

254 3778 305 3831 237
326 3776 369 3844 uc}
390 3781 455 3844 nos
470 3775 562 3829 uidere
581 3776 739 3844 ΟΜΝ)
833 3778 884 3831 238
913 3778 1067 3849 perduceris
1085 3779 1112 3831 B
1202 3780 1253 3833 241
1277 3779 1370 3847 hiucf

214 3866 266 3919 243
297 3865 451 3935 conplexus!
476 3864 500 3918 0
570 3866 622 3919 246
654 3864 808 3934 dencgctp
837 3866 956 3937 clerrcgat
980 3890 1001 3919 ω
1030 3867 1078 3921 secl
1107 3874 1189 3937 neget
1216 3868 1366 3924 Fabricius

213 3954 264 4011 247
291 3954 464 4007 meminisse:
479 3953 508 4006 ui
536 3972 569 4007 eo
596 3971 629 4007 ne
655 3970 699 4023 pr.
715 3954 743 4007 P
827 3955 880 4009 248
910 3956 1003 4009 dotem
1026 3958 1048 4009 l)
1071 3956 1130 4021 <Le
1144 3956 1196 4023 s'?)
1222 3956 1366 4017 uotam

213 4040 265 4095 249
284 4046 422 4113 moyseos
490 4042 542 4095 255
562 4041 662 4144 regint'
678 4057 768 4107 regem
783 4042 854 4111 Pus
923 4044 975 4097 257
995 4044 1130 4113 peruicere
1140 4046 1163 4111 s
1230 4045 1283 4099 258
1301 4046 1369 4113 mif

214 4157 351 4228 credelslll
374 4156 402 4209 P
503 4156 556 4209 259
585 4155 672 4210 undis
694 4156 722 4208 P
765 4156 917 4211 miscebant
935 4162 957 4224 f
999 4159 1074 4211 nerui
1103 4158 1200 4228 1³13ss
1221 4160 1369 4215 neruusG

214 4243 266 4299 262
299 4262 401 4299 summe
425 4246 452 4297 P
501 4264 552 4315 que
585 4247 690 4314 inuocat
724 4247 860 4315 exposcite
892 4247 915 4299 1,
971 4264 1068 4301 numen
1093 4248 1119 4300 L
1151 4266 1248 4303 nomen
1279 4248 1372 4318 01³1ss
