<?xml version="1.0" encoding="UTF-8"?>
<!DOCTYPE html PUBLIC "-//W3C//DTD XHTML 1.0 Transitional//EN"
    "http://www.w3.org/TR/xhtml1/DTD/xhtml1-transitional.dtd">
<html xmlns="http://www.w3.org/1999/xhtml" xml:lang="en" lang="en">
 <head>
  <title>
</title>
<meta http-equiv="Content-Type" content="text/html;charset=utf-8" />
  <meta name='ocr-system' content='tesseract 3.04.00' />
  <meta name='ocr-capabilities' content='ocr_page ocr_carea ocr_par ocr_line ocrx_word'/>
</head>
<body>
  <div class='ocr_page' id='page_1' title='image "./corpusscriptoru12wiengoog_0430.png"; bbox 0 0 3167 4975; ppageno 0'>
   <div class='ocr_carea' id='block_1_1' title="bbox 256 394 946 463">
    <p class='ocr_par' dir='ltr' id='par_1_1' title="bbox 256 394 946 463">
     <span class='ocr_line' id='line_1_1' title="bbox 256 394 946 463; baseline -0.003 -13"><span class='ocrx_word' id='word_1_1' title='bbox 256 395 369 450; x_wconf 83' lang='lat' dir='ltr'>XXXIV</span> <span class='ocrx_word' id='word_1_2' title='bbox 703 394 946 463; x_wconf 79' lang='lat' dir='ltr'><strong>Proiegomena</strong></span> 
     </span>
    </p>
   </div>
   <div class='ocr_carea' id='block_1_2' title="bbox 159 565 1435 3993">
    <p class='ocr_par' dir='ltr' id='par_1_2' title="bbox 256 565 1397 1156">
     <span class='ocr_line' id='line_1_2' title="bbox 256 565 1394 656; baseline -0.005 -21"><span class='ocrx_word' id='word_1_3' title='bbox 256 577 381 656; x_wconf 87' lang='lat' dir='ltr'><strong>guntur.</strong></span> <span class='ocrx_word' id='word_1_4' title='bbox 405 570 569 654; x_wconf 80' lang='lat' dir='ltr'><strong>Inscriptio</strong></span> <span class='ocrx_word' id='word_1_5' title='bbox 585 572 662 634; x_wconf 85' lang='lat' dir='ltr'><strong>haec</strong></span> <span class='ocrx_word' id='word_1_6' title='bbox 679 573 739 634; x_wconf 91' lang='lat' dir='ltr'><strong>est:</strong></span> <span class='ocrx_word' id='word_1_7' title='bbox 764 568 888 653; x_wconf 76' lang='lat' dir='ltr'><strong><em>Incipit</em></strong></span> <span class='ocrx_word' id='word_1_8' title='bbox 905 567 1078 654; x_wconf 81' lang='lat' dir='ltr'><strong>praefatio</strong></span> <span class='ocrx_word' id='word_1_9' title='bbox 1093 568 1131 631; x_wconf 82' lang='lat' dir='ltr'><strong>in</strong></span> <span class='ocrx_word' id='word_1_10' title='bbox 1148 565 1233 631; x_wconf 82' lang='lat' dir='ltr'><strong>libro</strong></span> <span class='ocrx_word' id='word_1_11' title='bbox 1248 567 1394 631; x_wconf 78' lang='lat' dir='ltr'><strong>quenci.</strong></span> 
     </span>
     <span class='ocr_line' id='line_1_3' title="bbox 256 670 1397 758; baseline -0.005 -19"><span class='ocrx_word' id='word_1_12' title='bbox 256 677 332 740; x_wconf 90' lang='lat' dir='ltr'><strong>Post</strong></span> <span class='ocrx_word' id='word_1_13' title='bbox 354 676 579 758; x_wconf 78' lang='lat' dir='ltr'><strong>praefationem</strong></span> <span class='ocrx_word' id='word_1_14' title='bbox 602 675 785 758; x_wconf 80' lang='lat' dir='ltr'><strong>Hieronymi</strong></span> <span class='ocrx_word' id='word_1_15' title='bbox 809 673 908 739; x_wconf 86' lang='lat' dir='ltr'><strong>uerba</strong></span> <span class='ocrx_word' id='word_1_16' title='bbox 929 674 1091 758; x_wconf 86' lang='lat' dir='ltr'><strong>leguntur:</strong></span> <span class='ocrx_word' id='word_1_17' title='bbox 1118 673 1281 735; x_wconf 79' lang='lat' dir='ltr'><strong>quencur</strong></span> <span class='ocrx_word' id='word_1_18' title='bbox 1308 670 1397 734; x_wconf 80' lang='lat' dir='ltr'><strong>nobi-</strong></span> 
     </span>
     <span class='ocr_line' id='line_1_4' title="bbox 257 758 1397 864; baseline -0.001 -23"><span class='ocrx_word' id='word_1_19' title='bbox 257 777 376 842; x_wconf 76' lang='lat' dir='ltr'><strong>lissimi</strong></span> <span class='ocrx_word' id='word_1_20' title='bbox 392 783 450 844; x_wconf 89' lang='lat' dir='ltr'><strong>eto.</strong></span> <span class='ocrx_word' id='word_1_21' title='bbox 476 817 515 826; x_wconf 91' lang='lat'><em>-</em></span> <span class='ocrx_word' id='word_1_22' title='bbox 534 778 689 864; x_wconf 73' lang='lat' dir='ltr'><strong>principe</strong></span> <span class='ocrx_word' id='word_1_23' title='bbox 710 787 747 840; x_wconf 82' lang='lat' dir='ltr'><strong>ut</strong></span> <span class='ocrx_word' id='word_1_24' title='bbox 767 776 937 841; x_wconf 78' lang='lat' dir='ltr'><strong>hieronim&#39;</strong></span> <span class='ocrx_word' id='word_1_25' title='bbox 949 758 1042 861; x_wconf 61' lang='lat' dir='ltr'><strong>prbr</strong></span> <span class='ocrx_word' id='word_1_26' title='bbox 1053 777 1091 840; x_wconf 82' lang='lat' dir='ltr'><strong>de</strong></span> <span class='ocrx_word' id='word_1_27' title='bbox 1106 799 1140 839; x_wconf 90' lang='lat' dir='ltr'><strong>eo</strong></span> <span class='ocrx_word' id='word_1_28' title='bbox 1155 775 1307 861; x_wconf 75' lang='lat' dir='ltr'><strong>scripsit;</strong></span> <span class='ocrx_word' id='word_1_29' title='bbox 1322 776 1397 841; x_wconf 91' lang='lat' dir='ltr'><strong>sub-</strong></span> 
     </span>
     <span class='ocr_line' id='line_1_5' title="bbox 256 879 1395 967; baseline -0.004 -20"><span class='ocrx_word' id='word_1_30' title='bbox 256 885 382 967; x_wconf 77' lang='lat' dir='ltr'><strong>scriptio</strong></span> <span class='ocrx_word' id='word_1_31' title='bbox 405 884 426 946; x_wconf 85' lang='lat' dir='ltr'><strong>f.</strong></span> <span class='ocrx_word' id='word_1_32' title='bbox 446 881 500 946; x_wconf 86' lang='lat'><strong>19:</strong></span> <span class='ocrx_word' id='word_1_33' title='bbox 524 881 674 967; x_wconf 74' lang='lat' dir='ltr'><strong>Empticit</strong></span> <span class='ocrx_word' id='word_1_34' title='bbox 690 880 787 944; x_wconf 82' lang='lat' dir='ltr'><strong>Liber</strong></span> <span class='ocrx_word' id='word_1_35' title='bbox 810 890 954 966; x_wconf 77' lang='lat' dir='ltr'><strong>quotuor</strong></span> <span class='ocrx_word' id='word_1_36' title='bbox 976 879 1223 967; x_wconf 70' lang='lat' dir='ltr'><strong>occupatiorem</strong></span> <span class='ocrx_word' id='word_1_37' title='bbox 1244 879 1395 943; x_wconf 77' lang='lat' dir='ltr'><strong>uersibus</strong></span> 
     </span>
     <span class='ocr_line' id='line_1_6' title="bbox 259 984 1395 1070; baseline -0.001 -21"><span class='ocrx_word' id='word_1_38' title='bbox 259 985 325 1050; x_wconf 80' lang='lat' dir='ltr'><strong>Gai</strong></span> <span class='ocrx_word' id='word_1_39' title='bbox 343 986 427 1049; x_wconf 86' lang='lat' dir='ltr'><strong>Vetti</strong></span> <span class='ocrx_word' id='word_1_40' title='bbox 438 985 594 1070; x_wconf 79' lang='lat' dir='ltr'><strong>Aquilini</strong></span> <span class='ocrx_word' id='word_1_41' title='bbox 609 986 745 1048; x_wconf 80' lang='lat' dir='ltr'><strong>quenci</strong></span> <span class='ocrx_word' id='word_1_42' title='bbox 758 984 946 1070; x_wconf 70' lang='lat' dir='ltr'><strong>presbiteri.</strong></span> <span class='ocrx_word' id='word_1_43' title='bbox 978 987 1123 1051; x_wconf 76' lang='lat' dir='ltr'><strong>(iadicem</strong></span> <span class='ocrx_word' id='word_1_44' title='bbox 1139 987 1172 1050; x_wconf 90' lang='lat' dir='ltr'><strong>in</strong></span> <span class='ocrx_word' id='word_1_45' title='bbox 1184 1005 1290 1050; x_wconf 87' lang='lat' dir='ltr'><strong>meum</strong></span> <span class='ocrx_word' id='word_1_46' title='bbox 1303 1004 1395 1049; x_wconf 85' lang='lat' dir='ltr'><strong>usum</strong></span> 
     </span>
     <span class='ocr_line' id='line_1_7' title="bbox 256 1090 626 1156; baseline 0 -1"><span class='ocrx_word' id='word_1_47' title='bbox 256 1092 388 1156; x_wconf 90' lang='lat' dir='ltr'><strong>contulit</strong></span> <span class='ocrx_word' id='word_1_48' title='bbox 409 1091 448 1156; x_wconf 83' lang='lat' dir='ltr'><strong>A.</strong></span> <span class='ocrx_word' id='word_1_49' title='bbox 466 1090 626 1156; x_wconf 86' lang='lat' dir='ltr'><strong>Swoboda.</strong></span> 
     </span>
    </p>

    <p class='ocr_par' dir='ltr' id='par_1_3' title="bbox 205 1193 1435 2202">
     <span class='ocr_line' id='line_1_8' title="bbox 205 1193 1397 1277; baseline -0.003 -16"><span class='ocrx_word' id='word_1_50' title='bbox 205 1196 235 1261; x_wconf 88' lang='lat' dir='ltr'>N</span> <span class='ocrx_word' id='word_1_51' title='bbox 301 1194 429 1261; x_wconf 83' lang='lat' dir='ltr'><strong>Saeculo</strong></span> <span class='ocrx_word' id='word_1_52' title='bbox 463 1195 644 1260; x_wconf 87' lang='lat' dir='ltr'><strong>duodecimo</strong></span> <span class='ocrx_word' id='word_1_53' title='bbox 679 1195 814 1277; x_wconf 88' lang='lat' dir='ltr'><strong>scriptus</strong></span> <span class='ocrx_word' id='word_1_54' title='bbox 848 1199 897 1258; x_wconf 87' lang='lat' dir='ltr'><strong>est</strong></span> <span class='ocrx_word' id='word_1_55' title='bbox 934 1195 1027 1260; x_wconf 82' lang='lat' dir='ltr'><strong>codex</strong></span> <span class='ocrx_word' id='word_1_56' title='bbox 1061 1193 1397 1259; x_wconf 84' lang='lat' dir='ltr'><strong>Neoclaustrobur-</strong></span> 
     </span>
     <span class='ocr_line' id='line_1_9' title="bbox 255 1298 1394 1384; baseline -0.002 -20"><span class='ocrx_word' id='word_1_57' title='bbox 255 1301 380 1384; x_wconf 86' lang='lat' dir='ltr'><strong>gensis</strong></span> <span class='ocrx_word' id='word_1_58' title='bbox 407 1298 500 1381; x_wconf 79' lang='grc'><strong>1243,</strong></span> <span class='ocrx_word' id='word_1_59' title='bbox 529 1319 623 1382; x_wconf 88' lang='lat' dir='ltr'><strong>quem</strong></span> <span class='ocrx_word' id='word_1_60' title='bbox 650 1300 778 1364; x_wconf 88' lang='lat' dir='ltr'><strong>unicum</strong></span> <span class='ocrx_word' id='word_1_61' title='bbox 801 1300 833 1362; x_wconf 91' lang='lat' dir='ltr'><strong>in</strong></span> <span class='ocrx_word' id='word_1_62' title='bbox 857 1299 1054 1364; x_wconf 87' lang='lat' dir='ltr'><strong>monasteriis</strong></span> <span class='ocrx_word' id='word_1_63' title='bbox 1077 1299 1252 1364; x_wconf 82' lang='lat' dir='ltr'><strong>Austriacis</strong></span> <span class='ocrx_word' id='word_1_64' title='bbox 1279 1298 1394 1363; x_wconf 87' lang='lat' dir='ltr'><strong>inueni.</strong></span> 
     </span>
     <span class='ocr_line' id='line_1_10' title="bbox 255 1402 1396 1486; baseline -0.002 -18"><span class='ocrx_word' id='word_1_65' title='bbox 255 1405 348 1468; x_wconf 85' lang='lat' dir='ltr'><strong>Foliis</strong></span> <span class='ocrx_word' id='word_1_66' title='bbox 386 1402 508 1467; x_wconf 66' lang='lat' dir='ltr'><strong>1-75r</strong></span> <span class='ocrx_word' id='word_1_67' title='bbox 544 1405 682 1468; x_wconf 91' lang='lat' dir='ltr'><strong>continet</strong></span> <span class='ocrx_word' id='word_1_68' title='bbox 714 1403 915 1486; x_wconf 86' lang='lat' dir='ltr'><strong>inscriptione</strong></span> <span class='ocrx_word' id='word_1_69' title='bbox 950 1405 1067 1467; x_wconf 91' lang='lat' dir='ltr'><strong>omissa</strong></span> <span class='ocrx_word' id='word_1_70' title='bbox 1097 1403 1226 1467; x_wconf 89' lang='lat' dir='ltr'><strong>quenci</strong></span> <span class='ocrx_word' id='word_1_71' title='bbox 1259 1421 1396 1483; x_wconf 88' lang='lat' dir='ltr'><strong>carmen,</strong></span> 
     </span>
     <span class='ocr_line' id='line_1_11' title="bbox 254 1505 1397 1602; baseline -0.001 -30"><span class='ocrx_word' id='word_1_72' title='bbox 254 1527 364 1572; x_wconf 88' lang='lat' dir='ltr'><strong>uersus</strong></span> <span class='ocrx_word' id='word_1_73' title='bbox 392 1508 437 1572; x_wconf 95' lang='lat' dir='ltr'><strong>IV</strong></span> <span class='ocrx_word' id='word_1_74' title='bbox 464 1505 637 1570; x_wconf 81' lang='grc'><strong>685-145</strong></span> <span class='ocrx_word' id='word_1_75' title='bbox 665 1508 891 1602; x_wconf 68' lang='grc'><strong>(158115155151.</strong></span> <span class='ocrx_word' id='word_1_76' title='bbox 929 1508 1006 1572; x_wconf 89' lang='lat' dir='ltr'><strong>Post</strong></span> <span class='ocrx_word' id='word_1_77' title='bbox 1032 1527 1161 1572; x_wconf 91' lang='lat' dir='ltr'><strong>uersum</strong></span> <span class='ocrx_word' id='word_1_78' title='bbox 1188 1505 1252 1570; x_wconf 88' lang='grc'><strong>813</strong></span> <span class='ocrx_word' id='word_1_79' title='bbox 1284 1508 1397 1591; x_wconf 84' lang='lat' dir='ltr'><strong>legitur</strong></span> 
     </span>
     <span class='ocr_line' id='line_1_12' title="bbox 255 1610 1394 1696; baseline -0.001 -20"><span class='ocrx_word' id='word_1_80' title='bbox 255 1631 380 1676; x_wconf 69' lang='lat' dir='ltr'><strong>emmer]</strong></span> <span class='ocrx_word' id='word_1_81' title='bbox 414 1612 638 1676; x_wconf 82' lang='lat' dir='ltr'><strong>Alcuinianum</strong></span> <span class='ocrx_word' id='word_1_82' title='bbox 671 1610 876 1692; x_wconf 83' lang='lat' dir='ltr'><strong>Pontificeiia</strong></span> <span class='ocrx_word' id='word_1_83' title='bbox 910 1631 1195 1695; x_wconf 80' lang='lat' dir='ltr'><strong>opero—superna</strong></span> <span class='ocrx_word' id='word_1_84' title='bbox 1223 1611 1310 1696; x_wconf 85' lang='lat' dir='ltr'><strong>petit</strong></span> <span class='ocrx_word' id='word_1_85' title='bbox 1342 1610 1394 1695; x_wconf 87' lang='lat' dir='ltr'><strong>(cf.</strong></span> 
     </span>
     <span class='ocr_line' id='line_1_13' title="bbox 255 1714 1396 1798; baseline -0.001 -17"><span class='ocrx_word' id='word_1_86' title='bbox 255 1717 449 1796; x_wconf 88' lang='lat' dir='ltr'><strong>Duommier‚</strong></span> <span class='ocrx_word' id='word_1_87' title='bbox 466 1717 581 1780; x_wconf 78' lang='lat' dir='ltr'><strong>Poetae</strong></span> <span class='ocrx_word' id='word_1_88' title='bbox 598 1716 667 1780; x_wconf 84' lang='lat' dir='ltr'><strong>aeui</strong></span> <span class='ocrx_word' id='word_1_89' title='bbox 684 1715 785 1780; x_wconf 83' lang='lat' dir='ltr'><strong>Oarol.</strong></span> <span class='ocrx_word' id='word_1_90' title='bbox 801 1715 818 1778; x_wconf 92' lang='grc' dir='ltr'><strong>Ι</strong></span> <span class='ocrx_word' id='word_1_91' title='bbox 834 1714 920 1797; x_wconf 82' lang='grc'>206).</span> <span class='ocrx_word' id='word_1_92' title='bbox 945 1716 1012 1780; x_wconf 91' lang='lat' dir='ltr'><strong>Hos</strong></span> <span class='ocrx_word' id='word_1_93' title='bbox 1028 1735 1139 1780; x_wconf 91' lang='lat' dir='ltr'><strong>uersus</strong></span> <span class='ocrx_word' id='word_1_94' title='bbox 1155 1716 1269 1798; x_wconf 84' lang='lat' dir='ltr'><strong>excipit</strong></span> <span class='ocrx_word' id='word_1_95' title='bbox 1283 1716 1396 1780; x_wconf 87' lang='lat' dir='ltr'><strong>ueteris</strong></span> 
     </span>
     <span class='ocr_line' id='line_1_14' title="bbox 255 1819 1398 1902; baseline -0.001 -19"><span class='ocrx_word' id='word_1_96' title='bbox 255 1819 463 1884; x_wconf 89' lang='lat' dir='ltr'><strong>bibliothecae</strong></span> <span class='ocrx_word' id='word_1_97' title='bbox 479 1821 650 1902; x_wconf 84' lang='lat' dir='ltr'><strong>catalogus,</strong></span> <span class='ocrx_word' id='word_1_98' title='bbox 674 1819 706 1883; x_wconf 91' lang='lat' dir='ltr'><strong>in</strong></span> <span class='ocrx_word' id='word_1_99' title='bbox 724 1837 785 1901; x_wconf 86' lang='lat' dir='ltr'><strong>qua</strong></span> <span class='ocrx_word' id='word_1_100' title='bbox 808 1821 889 1884; x_wconf 92' lang='lat' dir='ltr'><strong>inter</strong></span> <span class='ocrx_word' id='word_1_101' title='bbox 905 1824 1013 1902; x_wconf 89' lang='lat' dir='ltr'><strong>poetas</strong></span> <span class='ocrx_word' id='word_1_102' title='bbox 1029 1820 1217 1884; x_wconf 86' lang='lat' dir='ltr'><strong>christianos</strong></span> <span class='ocrx_word' id='word_1_103' title='bbox 1234 1821 1330 1884; x_wconf 88' lang='lat' dir='ltr'><strong>etiam</strong></span> <span class='ocrx_word' id='word_1_104' title='bbox 1344 1819 1398 1883; x_wconf 91' lang='lat' dir='ltr'><strong>Iu·</strong></span> 
     </span>
     <span class='ocr_line' id='line_1_15' title="bbox 255 1923 1398 2008; baseline -0.001 -20"><span class='ocrx_word' id='word_1_105' title='bbox 255 1943 371 1988; x_wconf 85' lang='lat' dir='ltr'><strong>aeneus</strong></span> <span class='ocrx_word' id='word_1_106' title='bbox 389 1927 579 1989; x_wconf 88' lang='lat' dir='ltr'><strong>memoretur</strong></span> <span class='ocrx_word' id='word_1_107' title='bbox 595 1923 647 2006; x_wconf 84' lang='lat' dir='ltr'><strong>(ci.</strong></span> <span class='ocrx_word' id='word_1_108' title='bbox 665 1924 782 2008; x_wconf 85' lang='lat' dir='ltr'><strong>Zeibig,</strong></span> <span class='ocrx_word' id='word_1_109' title='bbox 799 1925 977 1989; x_wconf 87' lang='lat' dir='ltr'><strong>Bibliothek</strong></span> <span class='ocrx_word' id='word_1_110' title='bbox 997 1925 1052 1988; x_wconf 88' lang='lat' dir='ltr'><strong>des</strong></span> <span class='ocrx_word' id='word_1_111' title='bbox 1067 1923 1177 1990; x_wconf 83' lang='lat' dir='ltr'><strong>Stiftes</strong></span> <span class='ocrx_word' id='word_1_112' title='bbox 1192 1924 1398 1990; x_wconf 86' lang='lat' dir='ltr'><strong>Klosterneu-</strong></span> 
     </span>
     <span class='ocr_line' id='line_1_16' title="bbox 255 2026 1398 2112; baseline 0.002 -20"><span class='ocrx_word' id='word_1_113' title='bbox 255 2028 345 2112; x_wconf 87' lang='lat' dir='ltr'><strong>burg,</strong></span> <span class='ocrx_word' id='word_1_114' title='bbox 362 2027 457 2092; x_wconf 82' lang='lat' dir='ltr'><strong>Arch.</strong></span> <span class='ocrx_word' id='word_1_115' title='bbox 474 2029 495 2092; x_wconf 83' lang='lat' dir='ltr'><strong>I.</strong></span> <span class='ocrx_word' id='word_1_116' title='bbox 513 2031 621 2093; x_wconf 83' lang='lat' dir='ltr'><strong>osterr.</strong></span> <span class='ocrx_word' id='word_1_117' title='bbox 639 2026 837 2108; x_wconf 82' lang='lat' dir='ltr'><strong>Geschichte,</strong></span> <span class='ocrx_word' id='word_1_118' title='bbox 853 2030 910 2094; x_wconf 85' lang='lat' dir='ltr'><strong>Bd.</strong></span> <span class='ocrx_word' id='word_1_119' title='bbox 927 2028 979 2112; x_wconf 81' lang='lat' dir='ltr'><strong>V).</strong></span> <span class='ocrx_word' id='word_1_120' title='bbox 1004 2027 1205 2094; x_wconf 82' lang='lat' dir='ltr'><strong>Oorreeturee</strong></span> <span class='ocrx_word' id='word_1_121' title='bbox 1222 2047 1332 2093; x_wconf 87' lang='lat' dir='ltr'><strong>manns</strong></span> <span class='ocrx_word' id='word_1_122' title='bbox 1348 2048 1398 2094; x_wconf 88' lang='lat' dir='ltr'><strong>se·</strong></span> 
     </span>
     <span class='ocr_line' id='line_1_17' title="bbox 257 2127 1435 2202; baseline 0.005 -6"><span class='ocrx_word' id='word_1_123' title='bbox 257 2133 375 2197; x_wconf 87' lang='lat' dir='ltr'><strong>eundae</strong></span> <span class='ocrx_word' id='word_1_124' title='bbox 400 2137 575 2197; x_wconf 85' lang='lat' dir='ltr'><strong>atramento</strong></span> <span class='ocrx_word' id='word_1_125' title='bbox 599 2127 683 2196; x_wconf 87' lang='lat' dir='ltr'><strong>uario</strong></span> <span class='ocrx_word' id='word_1_126' title='bbox 707 2133 873 2197; x_wconf 79' lang='lat' dir='ltr'><strong>distinctae</strong></span> <span class='ocrx_word' id='word_1_127' title='bbox 896 2137 979 2198; x_wconf 89' lang='lat' dir='ltr'><strong>sunt.</strong></span> <span class='ocrx_word' id='word_1_128' title='bbox 1430 2195 1435 2202; x_wconf 87' lang='lat'><strong>.</strong></span> 
     </span>
    </p>

    <p class='ocr_par' dir='ltr' id='par_1_4' title="bbox 203 2235 1399 2634">
     <span class='ocr_line' id='line_1_18' title="bbox 203 2235 1398 2319; baseline 0.002 -18"><span class='ocrx_word' id='word_1_129' title='bbox 203 2236 230 2301; x_wconf 86' lang='lat' dir='ltr'>G</span> <span class='ocrx_word' id='word_1_130' title='bbox 296 2237 404 2319; x_wconf 89' lang='lat' dir='ltr'><strong>Neque</strong></span> <span class='ocrx_word' id='word_1_131' title='bbox 437 2237 584 2301; x_wconf 89' lang='lat' dir='ltr'><strong>lectiones</strong></span> <span class='ocrx_word' id='word_1_132' title='bbox 616 2237 730 2302; x_wconf 84' lang='lat' dir='ltr'><strong>codicis</strong></span> <span class='ocrx_word' id='word_1_133' title='bbox 760 2236 994 2302; x_wconf 79' lang='lat' dir='ltr'><strong>Godanensis</strong></span> <span class='ocrx_word' id='word_1_134' title='bbox 1025 2237 1117 2301; x_wconf 89' lang='lat' dir='ltr'>XVII</span> <span class='ocrx_word' id='word_1_135' title='bbox 1146 2238 1176 2301; x_wconf 82' lang='lat' dir='ltr'>A</span> <span class='ocrx_word' id='word_1_136' title='bbox 1204 2235 1234 2302; x_wconf 89' lang='grc'><strong>9.</strong></span> <span class='ocrx_word' id='word_1_137' title='bbox 1256 2236 1298 2301; x_wconf 87' lang='grc'><strong>66</strong></span> <span class='ocrx_word' id='word_1_138' title='bbox 1329 2256 1398 2303; x_wconf 88' lang='lat' dir='ltr'><strong>sae·</strong></span> 
     </span>
     <span class='ocr_line' id='line_1_19' title="bbox 258 2340 1397 2425; baseline 0.002 -21"><span class='ocrx_word' id='word_1_139' title='bbox 258 2341 327 2404; x_wconf 89' lang='lat' dir='ltr'><strong>culo</strong></span> <span class='ocrx_word' id='word_1_140' title='bbox 350 2340 438 2405; x_wconf 87' lang='lat' dir='ltr'>XIII.</span> <span class='ocrx_word' id='word_1_141' title='bbox 468 2341 575 2424; x_wconf 87' lang='lat' dir='ltr'><strong>scripti</strong></span> <span class='ocrx_word' id='word_1_142' title='bbox 600 2359 727 2425; x_wconf 89' lang='lat' dir='ltr'><strong>prorsus</strong></span> <span class='ocrx_word' id='word_1_143' title='bbox 751 2342 884 2424; x_wconf 83' lang='lat' dir='ltr'><strong>neglexi,</strong></span> <span class='ocrx_word' id='word_1_144' title='bbox 912 2359 1104 2424; x_wconf 86' lang='lat' dir='ltr'><strong>quamquam</strong></span> <span class='ocrx_word' id='word_1_145' title='bbox 1127 2361 1182 2406; x_wconf 87' lang='lat' dir='ltr'><strong>eae</strong></span> <span class='ocrx_word' id='word_1_146' title='bbox 1205 2343 1244 2406; x_wconf 86' lang='lat' dir='ltr'><strong>ad</strong></span> <span class='ocrx_word' id='word_1_147' title='bbox 1271 2360 1397 2406; x_wconf 91' lang='lat' dir='ltr'><strong>carmen</strong></span> 
     </span>
     <span class='ocr_line' id='line_1_20' title="bbox 259 2444 1399 2532; baseline 0.002 -23"><span class='ocrx_word' id='word_1_148' title='bbox 259 2445 486 2511; x_wconf 83' lang='lat' dir='ltr'><strong>quencienum</strong></span> <span class='ocrx_word' id='word_1_149' title='bbox 510 2444 740 2510; x_wconf 87' lang='lat' dir='ltr'><strong>emendandum</strong></span> <span class='ocrx_word' id='word_1_150' title='bbox 763 2464 826 2510; x_wconf 91' lang='lat' dir='ltr'><strong>non</strong></span> <span class='ocrx_word' id='word_1_151' title='bbox 849 2446 986 2511; x_wconf 92' lang='lat' dir='ltr'><strong>multum</strong></span> <span class='ocrx_word' id='word_1_152' title='bbox 1009 2446 1125 2511; x_wconf 80' lang='lat' dir='ltr'><strong>ualent.</strong></span> <span class='ocrx_word' id='word_1_153' title='bbox 1153 2446 1326 2532; x_wconf 81' lang='lat' dir='ltr'><strong>Descripsit</strong></span> <span class='ocrx_word' id='word_1_154' title='bbox 1347 2463 1399 2511; x_wconf 91' lang='lat' dir='ltr'><strong>co·</strong></span> 
     </span>
     <span class='ocr_line' id='line_1_21' title="bbox 259 2549 730 2634; baseline 0.002 -21"><span class='ocrx_word' id='word_1_155' title='bbox 259 2551 359 2615; x_wconf 89' lang='lat' dir='ltr'><strong>dicem</strong></span> <span class='ocrx_word' id='word_1_156' title='bbox 383 2550 418 2615; x_wconf 90' lang='lat'><strong>0.</strong></span> <span class='ocrx_word' id='word_1_157' title='bbox 435 2552 524 2615; x_wconf 88' lang='lat' dir='ltr'><strong>Korn</strong></span> <span class='ocrx_word' id='word_1_158' title='bbox 545 2552 566 2615; x_wconf 93' lang='grc'><strong>1.</strong></span> <span class='ocrx_word' id='word_1_159' title='bbox 584 2570 609 2615; x_wconf 93' lang='lat' dir='ltr'><strong>c.</strong></span> <span class='ocrx_word' id='word_1_160' title='bbox 626 2571 655 2634; x_wconf 95' lang='lat' dir='ltr'><strong>p.</strong></span> <span class='ocrx_word' id='word_1_161' title='bbox 674 2549 730 2615; x_wconf 84' lang='lat' dir='ltr'><strong>2s.</strong></span> 
     </span>
    </p>

    <p class='ocr_par' dir='ltr' id='par_1_5' title="bbox 159 2655 1400 3157">
     <span class='ocr_line' id='line_1_22' title="bbox 303 2655 1398 2738; baseline 0.001 -19"><span class='ocrx_word' id='word_1_162' title='bbox 303 2655 430 2720; x_wconf 83' lang='lat' dir='ltr'><strong>Praeter</strong></span> <span class='ocrx_word' id='word_1_163' title='bbox 452 2655 559 2736; x_wconf 79' lang='lat' dir='ltr'><strong>librae,</strong></span> <span class='ocrx_word' id='word_1_164' title='bbox 583 2674 660 2738; x_wconf 89' lang='lat' dir='ltr'><strong>quos</strong></span> <span class='ocrx_word' id='word_1_165' title='bbox 683 2656 786 2720; x_wconf 87' lang='lat' dir='ltr'><strong>adhuc</strong></span> <span class='ocrx_word' id='word_1_166' title='bbox 809 2656 1002 2736; x_wconf 86' lang='lat' dir='ltr'><strong>enumeraui,</strong></span> <span class='ocrx_word' id='word_1_167' title='bbox 1025 2656 1229 2720; x_wconf 90' lang='lat' dir='ltr'><strong>innotuerunt</strong></span> <span class='ocrx_word' id='word_1_168' title='bbox 1243 2656 1321 2720; x_wconf 90' lang='lat' dir='ltr'><strong>mihi</strong></span> <span class='ocrx_word' id='word_1_169' title='bbox 1336 2656 1398 2736; x_wconf 84' lang='lat' dir='ltr'><strong>atii,</strong></span> 
     </span>
     <span class='ocr_line' id='line_1_23' title="bbox 259 2759 1398 2843; baseline 0.002 -20"><span class='ocrx_word' id='word_1_170' title='bbox 259 2778 335 2841; x_wconf 87' lang='lat' dir='ltr'><strong>quos</strong></span> <span class='ocrx_word' id='word_1_171' title='bbox 362 2764 469 2823; x_wconf 87' lang='lat' dir='ltr'><strong>tamen</strong></span> <span class='ocrx_word' id='word_1_172' title='bbox 492 2764 547 2824; x_wconf 91' lang='lat' dir='ltr'><strong>aut</strong></span> <span class='ocrx_word' id='word_1_173' title='bbox 570 2760 655 2824; x_wconf 89' lang='lat' dir='ltr'><strong>adire</strong></span> <span class='ocrx_word' id='word_1_174' title='bbox 679 2776 740 2824; x_wconf 90' lang='lat' dir='ltr'><strong>non</strong></span> <span class='ocrx_word' id='word_1_175' title='bbox 763 2760 852 2841; x_wconf 89' lang='lat' dir='ltr'><strong>potui</strong></span> <span class='ocrx_word' id='word_1_176' title='bbox 874 2762 929 2823; x_wconf 87' lang='lat' dir='ltr'><strong>aut</strong></span> <span class='ocrx_word' id='word_1_177' title='bbox 952 2777 1014 2824; x_wconf 91' lang='lat' dir='ltr'><strong>non</strong></span> <span class='ocrx_word' id='word_1_178' title='bbox 1038 2759 1149 2843; x_wconf 88' lang='lat' dir='ltr'><strong>dignos</strong></span> <span class='ocrx_word' id='word_1_179' title='bbox 1171 2759 1291 2842; x_wconf 85' lang='lat' dir='ltr'><strong>putaui,</strong></span> <span class='ocrx_word' id='word_1_180' title='bbox 1322 2778 1398 2842; x_wconf 86' lang='lat' dir='ltr'><strong>quos</strong></span> 
     </span>
     <span class='ocr_line' id='line_1_24' title="bbox 159 2860 1399 2946; baseline 0.002 -19"><span class='ocrx_word' id='word_1_181' title='bbox 159 2860 162 2865; x_wconf 86' lang='grc'><strong>’</strong></span> <span class='ocrx_word' id='word_1_182' title='bbox 259 2864 455 2946; x_wconf 84' lang='lat' dir='ltr'><strong>respicerem,</strong></span> <span class='ocrx_word' id='word_1_183' title='bbox 487 2882 558 2928; x_wconf 90' lang='lat' dir='ltr'><strong>cum</strong></span> <span class='ocrx_word' id='word_1_184' title='bbox 582 2864 622 2928; x_wconf 88' lang='lat' dir='ltr'><strong>ad</strong></span> <span class='ocrx_word' id='word_1_185' title='bbox 644 2883 711 2927; x_wconf 89' lang='lat' dir='ltr'><strong>rem</strong></span> <span class='ocrx_word' id='word_1_186' title='bbox 734 2864 875 2928; x_wconf 81' lang='lat' dir='ltr'><strong>criticam</strong></span> <span class='ocrx_word' id='word_1_187' title='bbox 898 2864 976 2928; x_wconf 90' lang='lat' dir='ltr'><strong>nihii</strong></span> <span class='ocrx_word' id='word_1_188' title='bbox 999 2864 1064 2928; x_wconf 85' lang='lat' dir='ltr'><strong>fere</strong></span> <span class='ocrx_word' id='word_1_189' title='bbox 1091 2863 1286 2946; x_wconf 86' lang='lat' dir='ltr'><strong>proficerent.</strong></span> <span class='ocrx_word' id='word_1_190' title='bbox 1325 2868 1399 2929; x_wconf 87' lang='lat' dir='ltr'><strong>sunt</strong></span> 
     </span>
     <span class='ocr_line' id='line_1_25' title="bbox 259 2967 1400 3049; baseline 0.003 -20"><span class='ocrx_word' id='word_1_191' title='bbox 259 2967 428 3049; x_wconf 73' lang='lat' dir='ltr'><strong>ferehi21)</strong></span> <span class='ocrx_word' id='word_1_192' title='bbox 1038 3006 1041 3011; x_wconf 94' lang='lat'><em>·</em></span> <span class='ocrx_word' id='word_1_193' title='bbox 1389 3007 1400 3017; x_wconf 46' lang='grc' dir='ltr'><em>ι</em></span> 
     </span>
     <span class='ocr_line' id='line_1_26' title="bbox 303 3070 1396 3157; baseline 0.001 -22"><span class='ocrx_word' id='word_1_194' title='bbox 303 3070 405 3135; x_wconf 79' lang='lat' dir='ltr'><strong>Codex</strong></span> <span class='ocrx_word' id='word_1_195' title='bbox 428 3070 633 3136; x_wconf 81' lang='lat' dir='ltr'><strong>Ambianos</strong></span> <span class='ocrx_word' id='word_1_196' title='bbox 657 3070 723 3134; x_wconf 83' lang='lat'><strong>404</strong></span> <span class='ocrx_word' id='word_1_197' title='bbox 745 3070 835 3154; x_wconf 88' lang='lat' dir='ltr'><strong>(olim</strong></span> <span class='ocrx_word' id='word_1_198' title='bbox 859 3070 1069 3157; x_wconf 78' lang='lat' dir='ltr'><strong>Oorbeiensis)</strong></span> <span class='ocrx_word' id='word_1_199' title='bbox 1097 3072 1168 3136; x_wconf 88' lang='lat' dir='ltr'><strong>s.X</strong></span> <span class='ocrx_word' id='word_1_200' title='bbox 1195 3072 1247 3153; x_wconf 83' lang='lat' dir='ltr'><strong>(cf.</strong></span> <span class='ocrx_word' id='word_1_201' title='bbox 1265 3072 1396 3137; x_wconf 84' lang='lat' dir='ltr'><strong>Marold.</strong></span> 
     </span>
    </p>

    <p class='ocr_par' dir='ltr' id='par_1_6' title="bbox 258 3174 1399 3993">
     <span class='ocr_line' id='line_1_27' title="bbox 258 3174 1399 3259; baseline 0.001 -20"><span class='ocrx_word' id='word_1_202' title='bbox 258 3177 279 3239; x_wconf 94' lang='lat' dir='ltr'><strong>l.</strong></span> <span class='ocrx_word' id='word_1_203' title='bbox 296 3194 321 3239; x_wconf 95' lang='lat' dir='ltr'><strong>c.</strong></span> <span class='ocrx_word' id='word_1_204' title='bbox 339 3194 368 3258; x_wconf 90' lang='lat' dir='ltr'><strong>p.</strong></span> <span class='ocrx_word' id='word_1_205' title='bbox 386 3176 485 3259; x_wconf 78' lang='lat' dir='ltr'>XVI),</span> <span class='ocrx_word' id='word_1_206' title='bbox 508 3177 602 3239; x_wconf 83' lang='lat' dir='ltr'><strong>ceder</strong></span> <span class='ocrx_word' id='word_1_207' title='bbox 618 3176 869 3241; x_wconf 85' lang='lat' dir='ltr'><strong>Barlouianus</strong></span> <span class='ocrx_word' id='word_1_208' title='bbox 893 3174 1029 3240; x_wconf 81' lang='lat' dir='ltr'><strong>Oxoniae</strong></span> <span class='ocrx_word' id='word_1_209' title='bbox 1045 3174 1088 3240; x_wconf 76' lang='grc'><strong>25</strong></span> <span class='ocrx_word' id='word_1_210' title='bbox 1111 3177 1242 3241; x_wconf 90' lang='lat' dir='ltr'><strong>membr.</strong></span> <span class='ocrx_word' id='word_1_211' title='bbox 1259 3175 1295 3238; x_wconf 87' lang='lat'><strong>4⁰</strong></span> <span class='ocrx_word' id='word_1_212' title='bbox 1311 3196 1336 3241; x_wconf 86' lang='lat' dir='ltr'><strong>s.</strong></span> <span class='ocrx_word' id='word_1_213' title='bbox 1352 3176 1399 3240; x_wconf 90' lang='lat' dir='ltr'><strong>XI</strong></span> 
     </span>
     <span class='ocr_line' id='line_1_28' title="bbox 260 3277 1399 3363; baseline -0.001 -20"><span class='ocrx_word' id='word_1_214' title='bbox 260 3279 312 3362; x_wconf 85' lang='lat' dir='ltr'><strong>(cf.</strong></span> <span class='ocrx_word' id='word_1_215' title='bbox 328 3280 461 3344; x_wconf 88' lang='lat' dir='ltr'><strong>Marold.</strong></span> <span class='ocrx_word' id='word_1_216' title='bbox 485 3280 504 3343; x_wconf 92' lang='lat' dir='ltr'><strong>l.</strong></span> <span class='ocrx_word' id='word_1_217' title='bbox 527 3298 552 3343; x_wconf 94' lang='lat' dir='ltr'><strong>c.</strong></span> <span class='ocrx_word' id='word_1_218' title='bbox 574 3299 603 3362; x_wconf 93' lang='lat' dir='ltr'><strong>p.</strong></span> <span class='ocrx_word' id='word_1_219' title='bbox 622 3280 705 3363; x_wconf 85' lang='lat' dir='ltr'>XV),</span> <span class='ocrx_word' id='word_1_220' title='bbox 736 3280 831 3345; x_wconf 80' lang='lat' dir='ltr'><strong>codex</strong></span> <span class='ocrx_word' id='word_1_221' title='bbox 862 3280 1090 3345; x_wconf 87' lang='lat' dir='ltr'><strong>Bodleienas</strong></span> <span class='ocrx_word' id='word_1_222' title='bbox 1118 3278 1180 3343; x_wconf 81' lang='grc'><strong>527</strong></span> <span class='ocrx_word' id='word_1_223' title='bbox 1209 3280 1341 3345; x_wconf 90' lang='lat' dir='ltr'><strong>membr.</strong></span> <span class='ocrx_word' id='word_1_224' title='bbox 1363 3277 1399 3342; x_wconf 80' lang='lat'><strong>8⁰</strong></span> 
     </span>
     <span class='ocr_line' id='line_1_29' title="bbox 259 3380 1397 3468; baseline 0.001 -21"><span class='ocrx_word' id='word_1_225' title='bbox 259 3403 283 3447; x_wconf 89' lang='lat' dir='ltr'><strong>s.</strong></span> <span class='ocrx_word' id='word_1_226' title='bbox 304 3383 384 3447; x_wconf 94' lang='lat' dir='ltr'>XIII</span> <span class='ocrx_word' id='word_1_227' title='bbox 407 3380 460 3465; x_wconf 83' lang='lat' dir='ltr'><strong>(cs.</strong></span> <span class='ocrx_word' id='word_1_228' title='bbox 481 3383 612 3447; x_wconf 79' lang='lat' dir='ltr'><strong>Marcii.</strong></span> <span class='ocrx_word' id='word_1_229' title='bbox 637 3384 657 3447; x_wconf 93' lang='lat' dir='ltr'><strong>l.</strong></span> <span class='ocrx_word' id='word_1_230' title='bbox 675 3402 700 3447; x_wconf 93' lang='lat' dir='ltr'><strong>c.</strong></span> <span class='ocrx_word' id='word_1_231' title='bbox 717 3404 746 3467; x_wconf 88' lang='lat' dir='ltr'><strong>p.</strong></span> <span class='ocrx_word' id='word_1_232' title='bbox 763 3383 847 3468; x_wconf 83' lang='lat' dir='ltr'>XV),</span> <span class='ocrx_word' id='word_1_233' title='bbox 871 3383 965 3448; x_wconf 85' lang='lat' dir='ltr'><strong>codex</strong></span> <span class='ocrx_word' id='word_1_234' title='bbox 988 3384 1247 3449; x_wconf 85' lang='lat' dir='ltr'><strong>Bruxeliensis</strong></span> <span class='ocrx_word' id='word_1_235' title='bbox 1269 3381 1397 3448; x_wconf 87' lang='grc'><strong>8860-</strong></span> 
     </span>
     <span class='ocr_line' id='line_1_30' title="bbox 259 3485 1399 3576; baseline 0.005 -27"><span class='ocrx_word' id='word_1_236' title='bbox 259 3485 342 3550; x_wconf 82' lang='grc'>8867</span> <span class='ocrx_word' id='word_1_237' title='bbox 367 3490 437 3553; x_wconf 90' lang='lat' dir='ltr'><strong>s.X</strong></span> <span class='ocrx_word' id='word_1_238' title='bbox 461 3486 513 3571; x_wconf 87' lang='lat' dir='ltr'><strong>(cf.</strong></span> <span class='ocrx_word' id='word_1_239' title='bbox 535 3488 730 3563; x_wconf 83' lang='lat' dir='ltr'><strong>Duemmler,</strong></span> <span class='ocrx_word' id='word_1_240' title='bbox 758 3489 818 3552; x_wconf 90' lang='lat' dir='ltr'><strong>Die</strong></span> <span class='ocrx_word' id='word_1_241' title='bbox 840 3488 1118 3553; x_wconf 86' lang='lat' dir='ltr'><strong>handschriftliche</strong></span> <span class='ocrx_word' id='word_1_242' title='bbox 1141 3488 1399 3576; x_wconf 85' lang='lat' dir='ltr'><strong>Ueberlieiemng</strong></span> 
     </span>
     <span class='ocr_line' id='line_1_31' title="bbox 259 3592 1398 3680; baseline 0.004 -25"><span class='ocrx_word' id='word_1_243' title='bbox 259 3593 314 3657; x_wconf 90' lang='lat' dir='ltr'><strong>der</strong></span> <span class='ocrx_word' id='word_1_244' title='bbox 332 3593 387 3657; x_wconf 86' lang='lat' dir='ltr'><strong>lat.</strong></span> <span class='ocrx_word' id='word_1_245' title='bbox 404 3592 604 3676; x_wconf 87' lang='lat' dir='ltr'><strong>Dichtungen</strong></span> <span class='ocrx_word' id='word_1_246' title='bbox 621 3609 676 3656; x_wconf 87' lang='lat' dir='ltr'><strong>eus</strong></span> <span class='ocrx_word' id='word_1_247' title='bbox 692 3593 746 3656; x_wconf 90' lang='lat' dir='ltr'><strong>der</strong></span> <span class='ocrx_word' id='word_1_248' title='bbox 762 3592 831 3657; x_wconf 87' lang='lat' dir='ltr'><strong>Zeit</strong></span> <span class='ocrx_word' id='word_1_249' title='bbox 845 3593 899 3656; x_wconf 91' lang='lat' dir='ltr'><strong>der</strong></span> <span class='ocrx_word' id='word_1_250' title='bbox 914 3592 1101 3677; x_wconf 86' lang='lat' dir='ltr'><strong>Karoiinger</strong></span> <span class='ocrx_word' id='word_1_251' title='bbox 1116 3594 1132 3657; x_wconf 95' lang='lat' dir='ltr'>I</span> <span class='ocrx_word' id='word_1_252' title='bbox 1146 3613 1177 3676; x_wconf 93' lang='lat' dir='ltr'><strong>p.</strong></span> <span class='ocrx_word' id='word_1_253' title='bbox 1192 3592 1278 3680; x_wconf 83' lang='grc'><strong>157),</strong></span> <span class='ocrx_word' id='word_1_254' title='bbox 1304 3596 1398 3660; x_wconf 85' lang='lat' dir='ltr'><strong>codex</strong></span> 
     </span>
     <span class='ocr_line' id='line_1_32' title="bbox 260 3696 1397 3784; baseline 0.001 -24"><span class='ocrx_word' id='word_1_255' title='bbox 260 3696 585 3780; x_wconf 79' lang='lat' dir='ltr'><strong>Cantabrigiensis</strong></span> <span class='ocrx_word' id='word_1_256' title='bbox 602 3698 653 3780; x_wconf 72' lang='grc'><strong>1.-</strong></span> <span class='ocrx_word' id='word_1_257' title='bbox 674 3696 724 3781; x_wconf 64' lang='lat'><strong>0³)</strong></span> <span class='ocrx_word' id='word_1_258' title='bbox 741 3696 817 3761; x_wconf 88' lang='lat' dir='ltr'><strong>bibl.</strong></span> <span class='ocrx_word' id='word_1_259' title='bbox 830 3697 1042 3761; x_wconf 89' lang='lat' dir='ltr'><strong>uniuersitatis</strong></span> <span class='ocrx_word' id='word_1_260' title='bbox 1055 3696 1113 3781; x_wconf 82' lang='lat' dir='ltr'><strong>Gg.</strong></span> <span class='ocrx_word' id='word_1_261' title='bbox 1127 3698 1155 3761; x_wconf 88' lang='lat' dir='ltr'><strong>V</strong></span> <span class='ocrx_word' id='word_1_262' title='bbox 1168 3696 1210 3761; x_wconf 82' lang='lat'><strong>35</strong></span> <span class='ocrx_word' id='word_1_263' title='bbox 1222 3697 1285 3781; x_wconf 88' lang='lat' dir='ltr'><strong>(no.</strong></span> <span class='ocrx_word' id='word_1_264' title='bbox 1301 3697 1397 3784; x_wconf 80' lang='grc'><strong>1567)</strong></span> 
     </span>
     <span class='ocr_line' id='line_1_33' title="bbox 259 3799 1399 3886; baseline 0.005 -23"><span class='ocrx_word' id='word_1_265' title='bbox 259 3799 391 3865; x_wconf 90' lang='lat' dir='ltr'><strong>membr.</strong></span> <span class='ocrx_word' id='word_1_266' title='bbox 415 3799 451 3862; x_wconf 85' lang='lat'><strong>4⁰</strong></span> <span class='ocrx_word' id='word_1_267' title='bbox 473 3820 498 3864; x_wconf 92' lang='lat' dir='ltr'><strong>s.</strong></span> <span class='ocrx_word' id='word_1_268' title='bbox 522 3800 568 3864; x_wconf 93' lang='lat' dir='ltr'><strong>XI</strong></span> <span class='ocrx_word' id='word_1_269' title='bbox 595 3800 646 3883; x_wconf 83' lang='lat' dir='ltr'><strong>(cs.</strong></span> <span class='ocrx_word' id='word_1_270' title='bbox 671 3801 906 3886; x_wconf 87' lang='lat' dir='ltr'><strong>Zeugemeister</strong></span> <span class='ocrx_word' id='word_1_271' title='bbox 928 3802 949 3865; x_wconf 90' lang='grc'><strong>1.</strong></span> <span class='ocrx_word' id='word_1_272' title='bbox 973 3820 998 3865; x_wconf 92' lang='lat' dir='ltr'><strong>c.</strong></span> <span class='ocrx_word' id='word_1_273' title='bbox 1022 3821 1052 3884; x_wconf 93' lang='lat' dir='ltr'><strong>p.</strong></span> <span class='ocrx_word' id='word_1_274' title='bbox 1077 3799 1143 3885; x_wconf 85' lang='grc'>68),</span> <span class='ocrx_word' id='word_1_275' title='bbox 1174 3803 1269 3868; x_wconf 84' lang='lat' dir='ltr'><strong>codex</strong></span> <span class='ocrx_word' id='word_1_276' title='bbox 1292 3802 1399 3869; x_wconf 78' lang='lat' dir='ltr'><strong>Oaro-</strong></span> 
     </span>
     <span class='ocr_line' id='line_1_34' title="bbox 259 3903 1399 3993; baseline 0.005 -26"><span class='ocrx_word' id='word_1_277' title='bbox 259 3904 500 3988; x_wconf 73' lang='lat' dir='ltr'><strong>iiuillensis2)</strong></span> <span class='ocrx_word' id='word_1_278' title='bbox 531 3903 592 3967; x_wconf 88' lang='grc'><strong>103</strong></span> <span class='ocrx_word' id='word_1_279' title='bbox 620 3924 643 3969; x_wconf 90' lang='lat' dir='ltr'><strong>s.</strong></span> <span class='ocrx_word' id='word_1_280' title='bbox 666 3906 745 3969; x_wconf 83' lang='grc' dir='ltr'><strong>ΧΠ]</strong></span> <span class='ocrx_word' id='word_1_281' title='bbox 773 3906 824 3989; x_wconf 84' lang='lat' dir='ltr'><strong>(cf.</strong></span> <span class='ocrx_word' id='word_1_282' title='bbox 847 3906 938 3970; x_wconf 84' lang='lat' dir='ltr'><strong>catal.</strong></span> <span class='ocrx_word' id='word_1_283' title='bbox 959 3906 1013 3969; x_wconf 90' lang='lat' dir='ltr'><strong>des</strong></span> <span class='ocrx_word' id='word_1_284' title='bbox 1037 3906 1106 3989; x_wconf 77' lang='lat' dir='ltr'><strong>dep.</strong></span> <span class='ocrx_word' id='word_1_285' title='bbox 1123 3906 1161 3987; x_wconf 87' lang='lat' dir='ltr'><strong>V,</strong></span> <span class='ocrx_word' id='word_1_286' title='bbox 1184 3927 1214 3990; x_wconf 89' lang='lat' dir='ltr'><strong>p.</strong></span> <span class='ocrx_word' id='word_1_287' title='bbox 1235 3906 1324 3993; x_wconf 85' lang='grc'>595),</span> <span class='ocrx_word' id='word_1_288' title='bbox 1347 3926 1399 3973; x_wconf 88' lang='lat' dir='ltr'><strong>cc·</strong></span> 
     </span>
    </p>
   </div>
   <div class='ocr_carea' id='block_1_3' title="bbox 260 4074 1400 4405">
    <p class='ocr_par' dir='ltr' id='par_1_7' title="bbox 260 4074 1399 4237">
     <span class='ocr_line' id='line_1_35' title="bbox 305 4074 1399 4146; baseline 0.007 -19"><span class='ocrx_word' id='word_1_289' title='bbox 305 4077 324 4143; x_wconf 84' lang='lat'><strong>¹)</strong></span> <span class='ocrx_word' id='word_1_290' title='bbox 339 4074 482 4129; x_wconf 80' lang='lat' dir='ltr'><strong>Vossianus</strong></span> <span class='ocrx_word' id='word_1_291' title='bbox 500 4075 546 4129; x_wconf 86' lang='lat' dir='ltr'><strong>let.</strong></span> <span class='ocrx_word' id='word_1_292' title='bbox 561 4075 591 4142; x_wconf 79' lang='lat' dir='ltr'><strong>Q.</strong></span> <span class='ocrx_word' id='word_1_293' title='bbox 605 4080 638 4133; x_wconf 88' lang='lat'><strong>86</strong></span> <span class='ocrx_word' id='word_1_294' title='bbox 658 4076 769 4131; x_wconf 91' lang='lat' dir='ltr'><strong>membr.</strong></span> <span class='ocrx_word' id='word_1_295' title='bbox 783 4094 803 4131; x_wconf 89' lang='lat' dir='ltr'><strong>s.</strong></span> <span class='ocrx_word' id='word_1_296' title='bbox 816 4076 856 4130; x_wconf 93' lang='lat' dir='ltr'><strong>IX</strong></span> <span class='ocrx_word' id='word_1_297' title='bbox 875 4094 946 4132; x_wconf 88' lang='lat' dir='ltr'><strong>nunc</strong></span> <span class='ocrx_word' id='word_1_298' title='bbox 964 4078 1072 4146; x_wconf 83' lang='lat' dir='ltr'><strong>quidem</strong></span> <span class='ocrx_word' id='word_1_299' title='bbox 1093 4078 1248 4135; x_wconf 79' lang='lat' dir='ltr'><strong>decurtatus</strong></span> <span class='ocrx_word' id='word_1_300' title='bbox 1270 4080 1334 4134; x_wconf 91' lang='lat' dir='ltr'><strong>olim</strong></span> <span class='ocrx_word' id='word_1_301' title='bbox 1352 4080 1399 4134; x_wconf 86' lang='lat' dir='ltr'><strong>Sc-</strong></span> 
     </span>
     <span class='ocr_line' id='line_1_36' title="bbox 260 4160 1398 4237; baseline 0.002 -18"><span class='ocrx_word' id='word_1_302' title='bbox 260 4160 364 4219; x_wconf 79' lang='lat' dir='ltr'><strong>dulium</strong></span> <span class='ocrx_word' id='word_1_303' title='bbox 382 4166 409 4216; x_wconf 87' lang='lat' dir='ltr'><strong>et</strong></span> <span class='ocrx_word' id='word_1_304' title='bbox 428 4163 574 4217; x_wconf 87' lang='lat' dir='ltr'><strong>iuuencum</strong></span> <span class='ocrx_word' id='word_1_305' title='bbox 593 4164 726 4217; x_wconf 84' lang='lat' dir='ltr'><strong>continuIt</strong></span> <span class='ocrx_word' id='word_1_306' title='bbox 745 4164 778 4217; x_wconf 83' lang='lat' dir='ltr'><strong>ef.</strong></span> <span class='ocrx_word' id='word_1_307' title='bbox 798 4164 900 4233; x_wconf 86' lang='lat' dir='ltr'><strong>Peiper‚</strong></span> <span class='ocrx_word' id='word_1_308' title='bbox 919 4164 1023 4233; x_wconf 83' lang='lat' dir='ltr'><strong>Proleg.</strong></span> <span class='ocrx_word' id='word_1_309' title='bbox 1043 4165 1077 4219; x_wconf 87' lang='lat' dir='ltr'><strong>ad</strong></span> <span class='ocrx_word' id='word_1_310' title='bbox 1095 4165 1152 4219; x_wconf 82' lang='lat' dir='ltr'><strong>Alc.</strong></span> <span class='ocrx_word' id='word_1_311' title='bbox 1171 4165 1244 4221; x_wconf 78' lang='lat' dir='ltr'><strong>Arut.</strong></span> <span class='ocrx_word' id='word_1_312' title='bbox 1261 4185 1286 4237; x_wconf 90' lang='lat' dir='ltr'><strong>p.</strong></span> <span class='ocrx_word' id='word_1_313' title='bbox 1304 4166 1398 4221; x_wconf 85' lang='lat' dir='ltr'>LXVI.</span> 
     </span>
    </p>

    <p class='ocr_par' dir='ltr' id='par_1_8' title="bbox 260 4247 1400 4405">
     <span class='ocr_line' id='line_1_37' title="bbox 304 4247 1400 4321; baseline 0.006 -20"><span class='ocrx_word' id='word_1_314' title='bbox 304 4250 324 4317; x_wconf 84' lang='lat'><strong>²)</strong></span> <span class='ocrx_word' id='word_1_315' title='bbox 343 4247 463 4303; x_wconf 69' lang='lat' dir='ltr'><strong>adnotat</strong></span> <span class='ocrx_word' id='word_1_316' title='bbox 481 4252 574 4303; x_wconf 85' lang='lat' dir='ltr'><strong>auctor</strong></span> <span class='ocrx_word' id='word_1_317' title='bbox 592 4250 718 4319; x_wconf 81' lang='lat' dir='ltr'><strong>catalogi:</strong></span> <span class='ocrx_word' id='word_1_318' title='bbox 737 4250 761 4303; x_wconf 78' lang='lat' dir='ltr'><strong>A</strong></span> <span class='ocrx_word' id='word_1_319' title='bbox 779 4250 806 4303; x_wconf 85' lang='lat' dir='ltr'><strong>le</strong></span> <span class='ocrx_word' id='word_1_320' title='bbox 824 4251 893 4304; x_wconf 86' lang='lat' dir='ltr'><strong>suite</strong></span> <span class='ocrx_word' id='word_1_321' title='bbox 913 4252 948 4304; x_wconf 89' lang='lat' dir='ltr'><strong>du</strong></span> <span class='ocrx_word' id='word_1_322' title='bbox 967 4256 1058 4321; x_wconf 72' lang='lat' dir='ltr'><strong>poeme</strong></span> <span class='ocrx_word' id='word_1_323' title='bbox 1077 4252 1109 4305; x_wconf 84' lang='lat' dir='ltr'><strong>dc</strong></span> <span class='ocrx_word' id='word_1_324' title='bbox 1127 4252 1260 4308; x_wconf 82' lang='lat' dir='ltr'><strong>Inuencue</strong></span> <span class='ocrx_word' id='word_1_325' title='bbox 1278 4256 1339 4307; x_wconf 83' lang='lat' dir='ltr'><strong>sont</strong></span> <span class='ocrx_word' id='word_1_326' title='bbox 1356 4270 1400 4307; x_wconf 86' lang='lat' dir='ltr'><strong>ces</strong></span> 
     </span>
     <span class='ocr_line' id='line_1_38' title="bbox 260 4336 840 4405; baseline 0 -16"><span class='ocrx_word' id='word_1_327' title='bbox 260 4350 318 4389; x_wconf 82' lang='lat' dir='ltr'><strong>uera</strong></span> <span class='ocrx_word' id='word_1_328' title='bbox 337 4336 416 4389; x_wconf 82' lang='lat' dir='ltr'><strong>e&#39;erits</strong></span> <span class='ocrx_word' id='word_1_329' title='bbox 435 4336 513 4391; x_wconf 85' lang='lat' dir='ltr'><strong>d&#39;une</strong></span> <span class='ocrx_word' id='word_1_330' title='bbox 531 4338 604 4390; x_wconf 84' lang='lat' dir='ltr'><strong>mein</strong></span> <span class='ocrx_word' id='word_1_331' title='bbox 623 4337 683 4405; x_wconf 85' lang='lat' dir='ltr'><strong>plus</strong></span> <span class='ocrx_word' id='word_1_332' title='bbox 702 4338 840 4391; x_wconf 85' lang='lat' dir='ltr'><strong>moderne:</strong></span> 
     </span>
    </p>
   </div>
   <div class='ocr_carea' id='block_1_4' title="bbox 0 0 1592 4975">
    <p class='ocr_par' dir='ltr' id='par_1_9' title="bbox 0 0 1592 4975">
     <span class='ocr_line' id='line_1_39' title="bbox 0 0 1592 4975; baseline 0 0"><span class='ocrx_word' id='word_1_333' title='bbox 0 0 1592 4975; x_wconf 95' lang='lat' dir='ltr'><strong> </strong></span> 
     </span>
    </p>
   </div>
  </div>
 </body>
</html>
