<?xml version="1.0" encoding="UTF-8"?>
<!DOCTYPE html PUBLIC "-//W3C//DTD XHTML 1.0 Transitional//EN"
    "http://www.w3.org/TR/xhtml1/DTD/xhtml1-transitional.dtd">
<html xmlns="http://www.w3.org/1999/xhtml" xml:lang="en" lang="en">
 <head>
  <title>
</title>
<meta http-equiv="Content-Type" content="text/html;charset=utf-8" />
  <meta name='ocr-system' content='tesseract 3.04.00' />
  <meta name='ocr-capabilities' content='ocr_page ocr_carea ocr_par ocr_line ocrx_word'/>
</head>
<body>
  <div class='ocr_page' id='page_1' title='image "./corpusscriptoru12wiengoog_0277.png"; bbox 0 0 3167 4975; ppageno 0'>
   <div class='ocr_carea' id='block_1_1' title="bbox 675 358 968 412">
    <p class='ocr_par' dir='ltr' id='par_1_1' title="bbox 675 358 968 412">
     <span class='ocr_line' id='line_1_1' title="bbox 675 358 968 412; baseline -0.003 0"><span class='ocrx_word' id='word_1_1' title='bbox 675 358 718 412; x_wconf 87' lang='lat' dir='ltr'>ad</span> <span class='ocrx_word' id='word_1_2' title='bbox 747 363 968 412; x_wconf 75' lang='lat' dir='ltr'><strong>senatorem</strong></span> 
     </span>
    </p>
   </div>
   <div class='ocr_carea' id='block_1_2' title="bbox 248 555 1370 2978">
    <p class='ocr_par' dir='ltr' id='par_1_2' title="bbox 360 555 1314 2020">
     <span class='ocr_line' id='line_1_2' title="bbox 366 555 1191 639; baseline -0.001 -19"><span class='ocrx_word' id='word_1_3' title='bbox 366 557 528 632; x_wconf 75' lang='lat' dir='ltr'>dicibili,</span> <span class='ocrx_word' id='word_1_4' title='bbox 552 556 580 620; x_wconf 85' lang='lat' dir='ltr'>si</span> <span class='ocrx_word' id='word_1_5' title='bbox 602 557 730 620; x_wconf 86' lang='lat' dir='ltr'>ualeas:</span> <span class='ocrx_word' id='word_1_6' title='bbox 755 575 826 618; x_wconf 79' lang='lat' dir='ltr'>oum</span> <span class='ocrx_word' id='word_1_7' title='bbox 851 555 927 618; x_wconf 88' lang='lat' dir='ltr'>talia</span> <span class='ocrx_word' id='word_1_8' title='bbox 950 575 1042 638; x_wconf 81' lang='lat' dir='ltr'>saepe</span> <span class='ocrx_word' id='word_1_9' title='bbox 1065 573 1191 639; x_wconf 78' lang='lat' dir='ltr'><strong>rogares</strong></span> 
     </span>
     <span class='ocr_line' id='line_1_3' title="bbox 367 661 1282 746; baseline -0.007 -17"><span class='ocrx_word' id='word_1_10' title='bbox 367 667 400 729; x_wconf 91' lang='lat' dir='ltr'>et</span> <span class='ocrx_word' id='word_1_11' title='bbox 421 663 547 729; x_wconf 88' lang='lat' dir='ltr'>ueniam</span> <span class='ocrx_word' id='word_1_12' title='bbox 570 665 703 746; x_wconf 78' lang='lat' dir='ltr'>peteres,</span> <span class='ocrx_word' id='word_1_13' title='bbox 728 680 809 743; x_wconf 89' lang='lat' dir='ltr'>quae</span> <span class='ocrx_word' id='word_1_14' title='bbox 831 665 938 726; x_wconf 87' lang='lat' dir='ltr'>teourn</span> <span class='ocrx_word' id='word_1_15' title='bbox 961 663 1057 726; x_wconf 88' lang='lat' dir='ltr'>uerba</span> <span class='ocrx_word' id='word_1_16' title='bbox 1079 661 1187 726; x_wconf 76' lang='lat' dir='ltr'>locuta</span> <span class='ocrx_word' id='word_1_17' title='bbox 1209 663 1282 726; x_wconf 85' lang='lat' dir='ltr'>est?</span> 
     </span>
     <span class='ocr_line' id='line_1_4' title="bbox 366 767 1236 849; baseline -0.002 -16"><span class='ocrx_word' id='word_1_18' title='bbox 366 788 442 833; x_wconf 86' lang='lat' dir='ltr'>uere</span> <span class='ocrx_word' id='word_1_19' title='bbox 464 771 569 832; x_wconf 88' lang='lat' dir='ltr'>mente</span> <span class='ocrx_word' id='word_1_20' title='bbox 594 786 691 834; x_wconf 87' lang='lat' dir='ltr'>oares.</span> <span class='ocrx_word' id='word_1_21' title='bbox 715 767 857 849; x_wconf 88' lang='lat' dir='ltr'>sequeris</span> <span class='ocrx_word' id='word_1_22' title='bbox 881 768 935 849; x_wconf 91' lang='lat' dir='ltr'>qui</span> <span class='ocrx_word' id='word_1_23' title='bbox 958 773 1062 832; x_wconf 88' lang='lat' dir='ltr'>mente</span> <span class='ocrx_word' id='word_1_24' title='bbox 1086 771 1236 832; x_wconf 80' lang='lat' dir='ltr'>carentes.</span> 
     </span>
     <span class='ocr_line' id='line_1_5' title="bbox 365 873 1201 957; baseline -0.004 -16"><span class='ocrx_word' id='word_1_25' title='bbox 365 877 443 941; x_wconf 87' lang='lat' dir='ltr'>haee</span> <span class='ocrx_word' id='word_1_26' title='bbox 465 876 581 939; x_wconf 90' lang='lat' dir='ltr'>iterum</span> <span class='ocrx_word' id='word_1_27' title='bbox 604 874 720 957; x_wconf 87' lang='lat' dir='ltr'>repetis</span> <span class='ocrx_word' id='word_1_28' title='bbox 743 893 801 938; x_wconf 87' lang='lat' dir='ltr'>neo</span> <span class='ocrx_word' id='word_1_29' title='bbox 824 878 856 938; x_wconf 87' lang='lat' dir='ltr'>te</span> <span class='ocrx_word' id='word_1_30' title='bbox 880 873 1059 956; x_wconf 86' lang='lat' dir='ltr'>delinquere</span> <span class='ocrx_word' id='word_1_31' title='bbox 1083 875 1201 939; x_wconf 88' lang='lat' dir='ltr'>sentis:</span> 
     </span>
     <span class='ocr_line' id='line_1_6' title="bbox 365 980 1253 1066; baseline -0.002 -19"><span class='ocrx_word' id='word_1_32' title='bbox 365 982 441 1066; x_wconf 90' lang='lat' dir='ltr'>quid</span> <span class='ocrx_word' id='word_1_33' title='bbox 464 1001 612 1046; x_wconf 91' lang='lat' dir='ltr'>mereare.</span> <span class='ocrx_word' id='word_1_34' title='bbox 636 980 718 1045; x_wconf 89' lang='lat' dir='ltr'>uide.</span> <span class='ocrx_word' id='word_1_35' title='bbox 743 980 848 1045; x_wconf 88' lang='lat' dir='ltr'>minus</span> <span class='ocrx_word' id='word_1_36' title='bbox 873 1000 960 1044; x_wconf 86' lang='lat' dir='ltr'>esses</span> <span class='ocrx_word' id='word_1_37' title='bbox 982 981 1064 1044; x_wconf 86' lang='lat' dir='ltr'>forte</span> <span class='ocrx_word' id='word_1_38' title='bbox 1087 980 1253 1056; x_wconf 80' lang='lat' dir='ltr'>notandus,</span> 
     </span>
     <span class='ocr_line' id='line_1_7' title="bbox 365 1087 1244 1160; baseline -0.005 -5"><span class='ocrx_word' id='word_1_39' title='bbox 365 1090 540 1155; x_wconf 84' lang='lat' dir='ltr'>sitantum</span> <span class='ocrx_word' id='word_1_40' title='bbox 563 1087 623 1152; x_wconf 89' lang='lat' dir='ltr'>boe</span> <span class='ocrx_word' id='word_1_41' title='bbox 647 1088 743 1152; x_wconf 85' lang='lat' dir='ltr'>scires</span> <span class='ocrx_word' id='word_1_42' title='bbox 768 1091 800 1151; x_wconf 90' lang='lat' dir='ltr'>et</span> <span class='ocrx_word' id='word_1_43' title='bbox 822 1087 853 1150; x_wconf 91' lang='lat' dir='ltr'>in</span> <span class='ocrx_word' id='word_1_44' title='bbox 878 1087 936 1151; x_wconf 82' lang='lat' dir='ltr'>hoo</span> <span class='ocrx_word' id='word_1_45' title='bbox 961 1105 1061 1151; x_wconf 93' lang='lat' dir='ltr'>errore</span> <span class='ocrx_word' id='word_1_46' title='bbox 1084 1105 1244 1160; x_wconf 85' lang='lat' dir='ltr'>ruaueres;</span> 
     </span>
     <span class='ocr_line' id='line_1_8' title="bbox 365 1192 1120 1276; baseline -0.003 -18"><span class='ocrx_word' id='word_1_47' title='bbox 365 1198 398 1259; x_wconf 88' lang='lat' dir='ltr'>at</span> <span class='ocrx_word' id='word_1_48' title='bbox 421 1213 493 1258; x_wconf 82' lang='lat' dir='ltr'>orum</span> <span class='ocrx_word' id='word_1_49' title='bbox 516 1193 672 1258; x_wconf 82' lang='lat' dir='ltr'>uerioolae</span> <span class='ocrx_word' id='word_1_50' title='bbox 696 1192 910 1276; x_wconf 87' lang='lat' dir='ltr'>penetraueris</span> <span class='ocrx_word' id='word_1_51' title='bbox 935 1192 1016 1256; x_wconf 85' lang='lat' dir='ltr'>ostia</span> <span class='ocrx_word' id='word_1_52' title='bbox 1039 1192 1120 1275; x_wconf 85' lang='lat' dir='ltr'>legis</span> 
     </span>
     <span class='ocr_line' id='line_1_9' title="bbox 363 1298 1167 1382; baseline -0.004 -16"><span class='ocrx_word' id='word_1_53' title='bbox 363 1304 396 1366; x_wconf 89' lang='lat' dir='ltr'>et</span> <span class='ocrx_word' id='word_1_54' title='bbox 417 1301 475 1364; x_wconf 89' lang='lat' dir='ltr'>tibi</span> <span class='ocrx_word' id='word_1_55' title='bbox 498 1319 592 1365; x_wconf 89' lang='lat' dir='ltr'>nosse</span> <span class='ocrx_word' id='word_1_56' title='bbox 615 1298 708 1363; x_wconf 85' lang='lat' dir='ltr'>deum</span> <span class='ocrx_word' id='word_1_57' title='bbox 731 1300 842 1382; x_wconf 80' lang='lat' dir='ltr'>paucis</span> <span class='ocrx_word' id='word_1_58' title='bbox 864 1299 1046 1382; x_wconf 85' lang='lat' dir='ltr'>prouenerit</span> <span class='ocrx_word' id='word_1_59' title='bbox 1068 1299 1167 1373; x_wconf 83' lang='lat' dir='ltr'>annis,</span> 
     </span>
     <span class='ocr_line' id='line_1_10' title="bbox 364 1403 1262 1488; baseline -0.002 -18"><span class='ocrx_word' id='word_1_60' title='bbox 364 1426 420 1471; x_wconf 89' lang='lat' dir='ltr'>our</span> <span class='ocrx_word' id='word_1_61' title='bbox 441 1405 610 1488; x_wconf 87' lang='lat' dir='ltr'>linquenda</span> <span class='ocrx_word' id='word_1_62' title='bbox 633 1409 721 1469; x_wconf 88' lang='lat' dir='ltr'>tenes</span> <span class='ocrx_word' id='word_1_63' title='bbox 745 1410 800 1469; x_wconf 85' lang='lat' dir='ltr'>aut</span> <span class='ocrx_word' id='word_1_64' title='bbox 824 1423 880 1468; x_wconf 82' lang='lat' dir='ltr'>eur</span> <span class='ocrx_word' id='word_1_65' title='bbox 902 1403 1063 1468; x_wconf 88' lang='lat' dir='ltr'>retinenda</span> <span class='ocrx_word' id='word_1_66' title='bbox 1086 1403 1262 1486; x_wconf 77' lang='lat' dir='ltr'>relinquis?</span> 
     </span>
     <span class='ocr_line' id='line_1_11' title="bbox 364 1509 1314 1595; baseline 0.001 -19"><span class='ocrx_word' id='word_1_67' title='bbox 364 1512 471 1595; x_wconf 90' lang='lat' dir='ltr'>nilque</span> <span class='ocrx_word' id='word_1_68' title='bbox 496 1511 584 1576; x_wconf 87' lang='lat' dir='ltr'>eolis.</span> <span class='ocrx_word' id='word_1_69' title='bbox 610 1511 684 1574; x_wconf 88' lang='lat' dir='ltr'>duro</span> <span class='ocrx_word' id='word_1_70' title='bbox 708 1515 821 1575; x_wconf 77' lang='lat' dir='ltr'>carrula</span> <span class='ocrx_word' id='word_1_71' title='bbox 845 1511 933 1578; x_wconf 86' lang='lat' dir='ltr'>eolis.</span> <span class='ocrx_word' id='word_1_72' title='bbox 958 1530 1014 1575; x_wconf 88' lang='lat' dir='ltr'>nee</span> <span class='ocrx_word' id='word_1_73' title='bbox 1039 1509 1131 1576; x_wconf 79' lang='lat' dir='ltr'>eorde</span> <span class='ocrx_word' id='word_1_74' title='bbox 1153 1513 1314 1587; x_wconf 77' lang='lat' dir='ltr'>retractae,</span> 
     </span>
     <span class='ocr_line' id='line_1_12' title="bbox 364 1616 1301 1700; baseline 0 -18"><span class='ocrx_word' id='word_1_75' title='bbox 364 1638 439 1683; x_wconf 87' lang='lat' dir='ltr'>nera</span> <span class='ocrx_word' id='word_1_76' title='bbox 462 1616 538 1700; x_wconf 90' lang='lat' dir='ltr'>quid</span> <span class='ocrx_word' id='word_1_77' title='bbox 561 1618 700 1682; x_wconf 77' lang='lat' dir='ltr'>adalais.</span> <span class='ocrx_word' id='word_1_78' title='bbox 725 1618 801 1699; x_wconf 92' lang='lat' dir='ltr'>quid</span> <span class='ocrx_word' id='word_1_79' title='bbox 825 1618 863 1681; x_wconf 90' lang='lat' dir='ltr'>ab</span> <span class='ocrx_word' id='word_1_80' title='bbox 886 1617 1007 1682; x_wconf 88' lang='lat' dir='ltr'>umbris</span> <span class='ocrx_word' id='word_1_81' title='bbox 1029 1617 1151 1682; x_wconf 88' lang='lat' dir='ltr'>lumina</span> <span class='ocrx_word' id='word_1_82' title='bbox 1173 1616 1301 1682; x_wconf 86' lang='lat' dir='ltr'>distent.</span> 
     </span>
     <span class='ocr_line' id='line_1_13' title="bbox 361 1723 1189 1808; baseline 0 -20"><span class='ocrx_word' id='word_1_83' title='bbox 361 1724 585 1808; x_wconf 88' lang='lat' dir='ltr'>philosophum</span> <span class='ocrx_word' id='word_1_84' title='bbox 609 1724 714 1807; x_wconf 84' lang='lat' dir='ltr'>fingis.</span> <span class='ocrx_word' id='word_1_85' title='bbox 739 1743 811 1788; x_wconf 80' lang='lat' dir='ltr'>oum</span> <span class='ocrx_word' id='word_1_86' title='bbox 834 1727 866 1786; x_wconf 89' lang='lat' dir='ltr'>te</span> <span class='ocrx_word' id='word_1_87' title='bbox 890 1723 1047 1788; x_wconf 86' lang='lat' dir='ltr'>sententia</span> <span class='ocrx_word' id='word_1_88' title='bbox 1068 1726 1189 1788; x_wconf 89' lang='lat' dir='ltr'>mutet:</span> 
     </span>
     <span class='ocr_line' id='line_1_14' title="bbox 361 1829 1210 1913; baseline -0.001 -18"><span class='ocrx_word' id='word_1_89' title='bbox 361 1851 433 1895; x_wconf 88' lang='lat' dir='ltr'>nam</span> <span class='ocrx_word' id='word_1_90' title='bbox 457 1831 516 1895; x_wconf 89' lang='lat' dir='ltr'>tibi</span> <span class='ocrx_word' id='word_1_91' title='bbox 539 1831 566 1894; x_wconf 93' lang='lat' dir='ltr'>si</span> <span class='ocrx_word' id='word_1_92' title='bbox 590 1829 788 1895; x_wconf 81' lang='lat' dir='ltr'>stomachum</span> <span class='ocrx_word' id='word_1_93' title='bbox 813 1829 974 1913; x_wconf 87' lang='lat' dir='ltr'>popularis</span> <span class='ocrx_word' id='word_1_94' title='bbox 998 1829 1134 1894; x_wconf 83' lang='lat' dir='ltr'>mouerit</span> <span class='ocrx_word' id='word_1_95' title='bbox 1154 1829 1210 1907; x_wconf 86' lang='lat' dir='ltr'>ira,</span> 
     </span>
     <span class='ocr_line' id='line_1_15' title="bbox 360 1936 1111 2020; baseline -0.003 -18"><span class='ocrx_word' id='word_1_96' title='bbox 360 1942 393 2003; x_wconf 88' lang='lat' dir='ltr'>et</span> <span class='ocrx_word' id='word_1_97' title='bbox 417 1938 553 2002; x_wconf 89' lang='lat' dir='ltr'>Iudaeus</span> <span class='ocrx_word' id='word_1_98' title='bbox 577 1936 638 2001; x_wconf 88' lang='lat' dir='ltr'>eris</span> <span class='ocrx_word' id='word_1_99' title='bbox 661 1939 812 2018; x_wconf 88' lang='lat' dir='ltr'>totusque</span> <span class='ocrx_word' id='word_1_100' title='bbox 835 1937 974 2001; x_wconf 83' lang='lat' dir='ltr'>incertus</span> <span class='ocrx_word' id='word_1_101' title='bbox 998 1937 1111 2020; x_wconf 84' lang='lat' dir='ltr'>ageris.</span> 
     </span>
    </p>

    <p class='ocr_par' dir='ltr' id='par_1_3' title="bbox 359 2043 1370 2440">
     <span class='ocr_line' id='line_1_16' title="bbox 404 2043 1163 2127; baseline 0 -19"><span class='ocrx_word' id='word_1_102' title='bbox 404 2043 539 2127; x_wconf 82' lang='lat' dir='ltr'>indulge</span> <span class='ocrx_word' id='word_1_103' title='bbox 563 2044 676 2109; x_wconf 83' lang='lat' dir='ltr'>dietis:</span> <span class='ocrx_word' id='word_1_104' title='bbox 700 2044 855 2126; x_wconf 88' lang='lat' dir='ltr'>sapientia</span> <span class='ocrx_word' id='word_1_105' title='bbox 878 2063 939 2108; x_wconf 91' lang='lat' dir='ltr'>nou</span> <span class='ocrx_word' id='word_1_106' title='bbox 962 2045 1067 2127; x_wconf 81' lang='lat' dir='ltr'>placet</span> <span class='ocrx_word' id='word_1_107' title='bbox 1090 2044 1163 2108; x_wconf 87' lang='lat' dir='ltr'>alta.</span> 
     </span>
     <span class='ocr_line' id='line_1_17' title="bbox 360 2149 1370 2233; baseline 0.001 -18"><span class='ocrx_word' id='word_1_108' title='bbox 360 2171 451 2216; x_wconf 91' lang='lat' dir='ltr'>omne</span> <span class='ocrx_word' id='word_1_109' title='bbox 476 2152 560 2233; x_wconf 93' lang='lat' dir='ltr'>quod</span> <span class='ocrx_word' id='word_1_110' title='bbox 583 2154 632 2215; x_wconf 87' lang='lat' dir='ltr'>est</span> <span class='ocrx_word' id='word_1_111' title='bbox 655 2151 798 2216; x_wconf 88' lang='lat' dir='ltr'>nimium.</span> <span class='ocrx_word' id='word_1_112' title='bbox 823 2154 930 2214; x_wconf 80' lang='lat' dir='ltr'>eontra</span> <span class='ocrx_word' id='word_1_113' title='bbox 954 2149 1047 2214; x_wconf 86' lang='lat' dir='ltr'>cadit.</span> <span class='ocrx_word' id='word_1_114' title='bbox 1076 2168 1174 2214; x_wconf 90' lang='lat' dir='ltr'>unum</span> <span class='ocrx_word' id='word_1_115' title='bbox 1203 2155 1370 2233; x_wconf 82' lang='lat' dir='ltr'>operantur</span> 
     </span>
     <span class='ocr_line' id='line_1_18' title="bbox 360 2256 1167 2341; baseline -0.001 -20"><span class='ocrx_word' id='word_1_116' title='bbox 360 2260 392 2321; x_wconf 87' lang='lat' dir='ltr'>et</span> <span class='ocrx_word' id='word_1_117' title='bbox 415 2259 500 2322; x_wconf 87' lang='lat' dir='ltr'>oalor</span> <span class='ocrx_word' id='word_1_118' title='bbox 523 2261 555 2321; x_wconf 91' lang='lat' dir='ltr'>et</span> <span class='ocrx_word' id='word_1_119' title='bbox 576 2256 695 2341; x_wconf 81' lang='lat' dir='ltr'>frigus;</span> <span class='ocrx_word' id='word_1_120' title='bbox 719 2257 764 2321; x_wconf 87' lang='lat' dir='ltr'>sio</span> <span class='ocrx_word' id='word_1_121' title='bbox 787 2257 858 2334; x_wconf 74' lang='lat' dir='ltr'>hoo,</span> <span class='ocrx_word' id='word_1_122' title='bbox 883 2257 928 2322; x_wconf 90' lang='lat' dir='ltr'>sio</span> <span class='ocrx_word' id='word_1_123' title='bbox 951 2256 1031 2320; x_wconf 91' lang='lat' dir='ltr'>illud</span> <span class='ocrx_word' id='word_1_124' title='bbox 1055 2256 1167 2321; x_wconf 88' lang='lat' dir='ltr'>adurit.</span> 
     </span>
     <span class='ocr_line' id='line_1_19' title="bbox 359 2362 1189 2440; baseline -0.002 -12"><span class='ocrx_word' id='word_1_125' title='bbox 359 2363 406 2428; x_wconf 89' lang='lat' dir='ltr'>sio</span> <span class='ocrx_word' id='word_1_126' title='bbox 428 2364 575 2428; x_wconf 87' lang='lat' dir='ltr'>tenebrae</span> <span class='ocrx_word' id='word_1_127' title='bbox 598 2363 715 2440; x_wconf 79' lang='lat' dir='ltr'>nisum,</span> <span class='ocrx_word' id='word_1_128' title='bbox 739 2363 785 2428; x_wconf 91' lang='lat' dir='ltr'>sio</span> <span class='ocrx_word' id='word_1_129' title='bbox 809 2364 858 2428; x_wconf 89' lang='lat' dir='ltr'>sol</span> <span class='ocrx_word' id='word_1_130' title='bbox 880 2363 1054 2428; x_wconf 76' lang='lat' dir='ltr'>contrarius</span> <span class='ocrx_word' id='word_1_131' title='bbox 1077 2362 1189 2439; x_wconf 84' lang='lat' dir='ltr'>aufert,</span> 
     </span>
    </p>

    <p class='ocr_par' dir='ltr' id='par_1_4' title="bbox 248 2469 1275 2978">
     <span class='ocr_line' id='line_1_20' title="bbox 248 2469 1250 2554; baseline 0.003 -21"><span class='ocrx_word' id='word_1_132' title='bbox 248 2512 257 2533; x_wconf 49' lang='grc' dir='ltr'>ι</span> <span class='ocrx_word' id='word_1_133' title='bbox 359 2472 390 2535; x_wconf 90' lang='lat' dir='ltr'>et</span> <span class='ocrx_word' id='word_1_134' title='bbox 412 2469 529 2553; x_wconf 91' lang='lat' dir='ltr'>pariter</span> <span class='ocrx_word' id='word_1_135' title='bbox 550 2469 681 2535; x_wconf 89' lang='lat' dir='ltr'>laedunt</span> <span class='ocrx_word' id='word_1_136' title='bbox 702 2469 845 2554; x_wconf 89' lang='lat' dir='ltr'>tepidum</span> <span class='ocrx_word' id='word_1_137' title='bbox 867 2469 1055 2552; x_wconf 80' lang='lat' dir='ltr'>tornansque</span> <span class='ocrx_word' id='word_1_138' title='bbox 1077 2469 1250 2536; x_wconf 81' lang='lat' dir='ltr'>laneorum.</span> 
     </span>
     <span class='ocr_line' id='line_1_21' title="bbox 358 2578 1174 2661; baseline -0.001 -21"><span class='ocrx_word' id='word_1_139' title='bbox 358 2595 431 2641; x_wconf 87' lang='lat' dir='ltr'>esea</span> <span class='ocrx_word' id='word_1_140' title='bbox 454 2578 550 2641; x_wconf 89' lang='lat' dir='ltr'>alitur</span> <span class='ocrx_word' id='word_1_141' title='bbox 572 2596 696 2661; x_wconf 82' lang='lat' dir='ltr'>corpus,</span> <span class='ocrx_word' id='word_1_142' title='bbox 720 2596 834 2661; x_wconf 87' lang='lat' dir='ltr'>eorpus</span> <span class='ocrx_word' id='word_1_143' title='bbox 858 2578 1070 2660; x_wconf 84' lang='lat' dir='ltr'>rorrrnnpitur</span> <span class='ocrx_word' id='word_1_144' title='bbox 1093 2594 1174 2651; x_wconf 81' lang='lat' dir='ltr'>esea,</span> 
     </span>
     <span class='ocr_line' id='line_1_22' title="bbox 356 2682 1231 2767; baseline -0.002 -20"><span class='ocrx_word' id='word_1_145' title='bbox 356 2684 485 2766; x_wconf 88' lang='lat' dir='ltr'>uimque</span> <span class='ocrx_word' id='word_1_146' title='bbox 508 2702 599 2749; x_wconf 85' lang='lat' dir='ltr'>suam</span> <span class='ocrx_word' id='word_1_147' title='bbox 620 2684 746 2760; x_wconf 86' lang='lat' dir='ltr'>minuit,</span> <span class='ocrx_word' id='word_1_148' title='bbox 771 2684 799 2747; x_wconf 91' lang='lat' dir='ltr'>si</span> <span class='ocrx_word' id='word_1_149' title='bbox 822 2683 897 2766; x_wconf 94' lang='lat' dir='ltr'>quid</span> <span class='ocrx_word' id='word_1_150' title='bbox 919 2683 1117 2767; x_wconf 88' lang='lat' dir='ltr'>protenditur</span> <span class='ocrx_word' id='word_1_151' title='bbox 1138 2682 1231 2746; x_wconf 91' lang='lat' dir='ltr'>ultra.</span> 
     </span>
     <span class='ocr_line' id='line_1_23' title="bbox 355 2788 1199 2873; baseline 0 -20"><span class='ocrx_word' id='word_1_152' title='bbox 355 2788 488 2871; x_wconf 90' lang='lat' dir='ltr'>denique</span> <span class='ocrx_word' id='word_1_153' title='bbox 513 2790 541 2854; x_wconf 85' lang='lat' dir='ltr'>si</span> <span class='ocrx_word' id='word_1_154' title='bbox 564 2790 684 2857; x_wconf 86' lang='lat' dir='ltr'>sedeas.</span> <span class='ocrx_word' id='word_1_155' title='bbox 708 2790 832 2872; x_wconf 87' lang='lat' dir='ltr'>requies</span> <span class='ocrx_word' id='word_1_156' title='bbox 856 2794 906 2855; x_wconf 92' lang='lat' dir='ltr'>est</span> <span class='ocrx_word' id='word_1_157' title='bbox 927 2808 1043 2873; x_wconf 84' lang='lat' dir='ltr'>magna</span> <span class='ocrx_word' id='word_1_158' title='bbox 1064 2788 1199 2864; x_wconf 80' lang='lat' dir='ltr'>laboris;</span> 
     </span>
     <span class='ocr_line' id='line_1_24' title="bbox 355 2895 1275 2978; baseline 0 -19"><span class='ocrx_word' id='word_1_159' title='bbox 355 2895 383 2959; x_wconf 88' lang='lat' dir='ltr'>si</span> <span class='ocrx_word' id='word_1_160' title='bbox 405 2896 543 2960; x_wconf 87' lang='lat' dir='ltr'>multum</span> <span class='ocrx_word' id='word_1_161' title='bbox 566 2896 688 2972; x_wconf 80' lang='lat' dir='ltr'>sedeas,</span> <span class='ocrx_word' id='word_1_162' title='bbox 710 2896 800 2961; x_wconf 87' lang='lat' dir='ltr'>labor</span> <span class='ocrx_word' id='word_1_163' title='bbox 822 2898 889 2969; x_wconf 83' lang='lat' dir='ltr'>est;</span> <span class='ocrx_word' id='word_1_164' title='bbox 913 2896 1001 2961; x_wconf 90' lang='lat' dir='ltr'>Maro</span> <span class='ocrx_word' id='word_1_165' title='bbox 1025 2914 1159 2977; x_wconf 87' lang='lat' dir='ltr'>namque</span> <span class='ocrx_word' id='word_1_166' title='bbox 1182 2898 1275 2978; x_wconf 88' lang='lat' dir='ltr'>poeta</span> 
     </span>
    </p>
   </div>
   <div class='ocr_carea' id='block_1_3' title="bbox 221 3214 1365 3378">
    <p class='ocr_par' dir='ltr' id='par_1_5' title="bbox 221 3214 1365 3378">
     <span class='ocr_line' id='line_1_25' title="bbox 256 3214 1365 3287; baseline 0.004 -18"><span class='ocrx_word' id='word_1_167' title='bbox 256 3216 289 3269; x_wconf 84' lang='grc'>37</span> <span class='ocrx_word' id='word_1_168' title='bbox 317 3214 371 3285; x_wconf 87' lang='lat' dir='ltr'>dic]</span> <span class='ocrx_word' id='word_1_169' title='bbox 400 3215 435 3270; x_wconf 81' lang='lat' dir='ltr'>da</span> <span class='ocrx_word' id='word_1_170' title='bbox 452 3218 479 3271; x_wconf 90' lang='lat' dir='ltr'><strong><em>P</em></strong></span> <span class='ocrx_word' id='word_1_171' title='bbox 566 3216 600 3270; x_wconf 85' lang='lat'>39</span> <span class='ocrx_word' id='word_1_172' title='bbox 627 3221 757 3283; x_wconf 76' lang='lat' dir='ltr'>mentelll</span> <span class='ocrx_word' id='word_1_173' title='bbox 786 3220 824 3284; x_wconf 87' lang='lat' dir='ltr'>(ru</span> <span class='ocrx_word' id='word_1_174' title='bbox 853 3222 936 3285; x_wconf 86' lang='lat' dir='ltr'>eras.)</span> <span class='ocrx_word' id='word_1_175' title='bbox 956 3217 987 3271; x_wconf 99' lang='lat' dir='ltr'><em>F</em></span> <span class='ocrx_word' id='word_1_176' title='bbox 1029 3235 1080 3287; x_wconf 83' lang='lat' dir='ltr'>quq</span> <span class='ocrx_word' id='word_1_177' title='bbox 1113 3234 1181 3272; x_wconf 76' lang='lat' dir='ltr'>corr,</span> <span class='ocrx_word' id='word_1_178' title='bbox 1209 3234 1260 3271; x_wconf 82' lang='lat' dir='ltr'>rec.</span> <span class='ocrx_word' id='word_1_179' title='bbox 1287 3234 1322 3273; x_wconf 84' lang='lat' dir='ltr'>m.</span> <span class='ocrx_word' id='word_1_180' title='bbox 1336 3216 1365 3273; x_wconf 86' lang='lat' dir='ltr'><em>R</em></span> 
     </span>
     <span class='ocr_line' id='line_1_26' title="bbox 221 3304 1350 3378; baseline 0.004 -22"><span class='ocrx_word' id='word_1_181' title='bbox 221 3304 338 3357; x_wconf 80' lang='lat' dir='ltr'>carentis</span> <span class='ocrx_word' id='word_1_182' title='bbox 351 3304 380 3358; x_wconf 91' lang='lat' dir='ltr'><strong><em>P</em></strong></span> <span class='ocrx_word' id='word_1_183' title='bbox 430 3305 466 3358; x_wconf 83' lang='lat'>43</span> <span class='ocrx_word' id='word_1_184' title='bbox 485 3304 619 3359; x_wconf 85' lang='lat' dir='ltr'>uerioolae</span> <span class='ocrx_word' id='word_1_185' title='bbox 632 3305 663 3359; x_wconf 89' lang='lat' dir='ltr'><em>F</em></span> <span class='ocrx_word' id='word_1_186' title='bbox 678 3306 813 3360; x_wconf 83' lang='lat' dir='ltr'>uerieuloe</span> <span class='ocrx_word' id='word_1_187' title='bbox 827 3306 855 3362; x_wconf 87' lang='lat' dir='ltr'><em>R</em></span> <span class='ocrx_word' id='word_1_188' title='bbox 869 3306 978 3361; x_wconf 86' lang='lat' dir='ltr'>uirieole</span> <span class='ocrx_word' id='word_1_189' title='bbox 992 3308 1038 3362; x_wconf 82' lang='lat' dir='ltr'>uel</span> <span class='ocrx_word' id='word_1_190' title='bbox 1051 3308 1161 3362; x_wconf 88' lang='lat' dir='ltr'>iuricole</span> <span class='ocrx_word' id='word_1_191' title='bbox 1175 3306 1203 3360; x_wconf 93' lang='lat' dir='ltr'><strong><em>P</em></strong></span> <span class='ocrx_word' id='word_1_192' title='bbox 1254 3308 1289 3361; x_wconf 86' lang='lat'>44</span> <span class='ocrx_word' id='word_1_193' title='bbox 1303 3324 1350 3378; x_wconf 93' lang='lat' dir='ltr'>pro</span> 
     </span>
    </p>
   </div>
   <div class='ocr_carea' id='block_1_4' title="bbox 221 3404 1364 3511">
    <p class='ocr_par' dir='ltr' id='par_1_6' title="bbox 221 3404 1364 3511">
     <span class='ocr_line' id='line_1_27' title="bbox 221 3404 1364 3511; baseline 0.004 -23"><span class='ocrx_word' id='word_1_194' title='bbox 221 3434 369 3491; x_wconf 86' lang='lat' dir='ltr'>ueniretR</span> <span class='ocrx_word' id='word_1_195' title='bbox 387 3437 560 3491; x_wconf 79' lang='lat' dir='ltr'>accesserite</span> <span class='ocrx_word' id='word_1_196' title='bbox 595 3438 623 3491; x_wconf 92' lang='lat' dir='ltr'>in</span> <span class='ocrx_word' id='word_1_197' title='bbox 643 3438 720 3492; x_wconf 77' lang='lat' dir='ltr'>annis</span> <span class='ocrx_word' id='word_1_198' title='bbox 733 3438 762 3492; x_wconf 85' lang='lat' dir='ltr'><em>R</em></span> <span class='ocrx_word' id='word_1_199' title='bbox 869 3440 903 3493; x_wconf 83' lang='lat'>45</span> <span class='ocrx_word' id='word_1_200' title='bbox 922 3439 1098 3509; x_wconf 89' lang='lat' dir='ltr'>relinquenda</span> <span class='ocrx_word' id='word_1_201' title='bbox 1111 3440 1139 3493; x_wconf 89' lang='lat' dir='ltr'><strong><em>P</em></strong></span> <span class='ocrx_word' id='word_1_202' title='bbox 1153 3404 1306 3511; x_wconf 62' lang='lat' dir='ltr'>sllfqueuda</span> <span class='ocrx_word' id='word_1_203' title='bbox 1326 3442 1364 3508; x_wconf 81' lang='lat' dir='ltr'>(ro</span> 
     </span>
    </p>
   </div>
   <div class='ocr_carea' id='block_1_5' title="bbox 217 3518 1367 3803">
    <p class='ocr_par' dir='ltr' id='par_1_7' title="bbox 217 3518 1367 3803">
     <span class='ocr_line' id='line_1_28' title="bbox 219 3518 1363 3624; baseline 0.005 -21"><span class='ocrx_word' id='word_1_204' title='bbox 219 3566 298 3618; x_wconf 73' lang='lat' dir='ltr'>eruo,</span> <span class='ocrx_word' id='word_1_205' title='bbox 321 3568 339 3603; x_wconf 94' lang='lat' dir='ltr'>n</span> <span class='ocrx_word' id='word_1_206' title='bbox 361 3566 396 3605; x_wconf 80' lang='lat' dir='ltr'>aa.</span> <span class='ocrx_word' id='word_1_207' title='bbox 419 3556 485 3619; x_wconf 83' lang='lat' dir='ltr'>ree.)</span> <span class='ocrx_word' id='word_1_208' title='bbox 500 3552 529 3607; x_wconf 83' lang='lat' dir='ltr'><em>R</em></span> <span class='ocrx_word' id='word_1_209' title='bbox 546 3518 674 3623; x_wconf 68' lang='lat' dir='ltr'>liquenda</span> <span class='ocrx_word' id='word_1_210' title='bbox 688 3552 718 3606; x_wconf 96' lang='lat' dir='ltr'><em>F</em></span> <span class='ocrx_word' id='word_1_211' title='bbox 806 3553 841 3607; x_wconf 92' lang='grc'>46</span> <span class='ocrx_word' id='word_1_212' title='bbox 859 3570 907 3607; x_wconf 85' lang='lat' dir='ltr'>neo</span> <span class='ocrx_word' id='word_1_213' title='bbox 927 3553 1004 3608; x_wconf 85' lang='lat' dir='ltr'>eorde</span> <span class='ocrx_word' id='word_1_214' title='bbox 1023 3556 1168 3624; x_wconf 81' lang='lat' dir='ltr'>retractas]</span> <span class='ocrx_word' id='word_1_215' title='bbox 1188 3572 1237 3609; x_wconf 89' lang='lat' dir='ltr'>neo</span> <span class='ocrx_word' id='word_1_216' title='bbox 1256 3554 1363 3609; x_wconf 86' lang='lat' dir='ltr'>credere</span> 
     </span>
     <span class='ocr_line' id='line_1_29' title="bbox 218 3639 1363 3729; baseline 0.004 -37"><span class='ocrx_word' id='word_1_217' title='bbox 218 3641 318 3693; x_wconf 75' lang='lat' dir='ltr'>t¹aetes</span> <span class='ocrx_word' id='word_1_218' title='bbox 339 3642 362 3729; x_wconf 63' lang='lat' dir='ltr'>(f</span> <span class='ocrx_word' id='word_1_219' title='bbox 378 3656 429 3695; x_wconf 79' lang='lat' dir='ltr'>ree.</span> <span class='ocrx_word' id='word_1_220' title='bbox 448 3645 498 3707; x_wconf 79' lang='lat' dir='ltr'>re.)</span> <span class='ocrx_word' id='word_1_221' title='bbox 514 3640 542 3696; x_wconf 85' lang='lat' dir='ltr'><em>R</em></span> <span class='ocrx_word' id='word_1_222' title='bbox 641 3639 675 3692; x_wconf 84' lang='grc'>47</span> <span class='ocrx_word' id='word_1_223' title='bbox 695 3640 731 3694; x_wconf 86' lang='lat' dir='ltr'>ad</span> <span class='ocrx_word' id='word_1_224' title='bbox 748 3641 826 3695; x_wconf 80' lang='lat' dir='ltr'>falsis</span> <span class='ocrx_word' id='word_1_225' title='bbox 847 3640 875 3709; x_wconf 90' lang='lat' dir='ltr'>(d</span> <span class='ocrx_word' id='word_1_226' title='bbox 895 3643 980 3711; x_wconf 79' lang='lat' dir='ltr'>antiq.</span> <span class='ocrx_word' id='word_1_227' title='bbox 999 3661 1033 3699; x_wconf 88' lang='lat' dir='ltr'>m.</span> <span class='ocrx_word' id='word_1_228' title='bbox 1054 3644 1119 3711; x_wconf 82' lang='lat' dir='ltr'>del.)</span> <span class='ocrx_word' id='word_1_229' title='bbox 1134 3642 1172 3697; x_wconf 90' lang='lat' dir='ltr'>F¹</span> <span class='ocrx_word' id='word_1_230' title='bbox 1210 3641 1244 3697; x_wconf 86' lang='lat' dir='ltr'>ad</span> <span class='ocrx_word' id='word_1_231' title='bbox 1263 3642 1363 3697; x_wconf 86' lang='lat' dir='ltr'>umbris</span> 
     </span>
     <span class='ocr_line' id='line_1_30' title="bbox 217 3726 1367 3803; baseline 0.003 -22"><span class='ocrx_word' id='word_1_232' title='bbox 217 3726 263 3795; x_wconf 80' lang='lat' dir='ltr'>(ad</span> <span class='ocrx_word' id='word_1_233' title='bbox 275 3728 307 3781; x_wconf 79' lang='lat' dir='ltr'>in</span> <span class='ocrx_word' id='word_1_234' title='bbox 321 3726 354 3781; x_wconf 82' lang='lat' dir='ltr'>ab</span> <span class='ocrx_word' id='word_1_235' title='bbox 369 3744 437 3782; x_wconf 80' lang='lat' dir='ltr'>corr.</span> <span class='ocrx_word' id='word_1_236' title='bbox 452 3729 538 3797; x_wconf 77' lang='lat' dir='ltr'>ontz&#39;q.</span> <span class='ocrx_word' id='word_1_237' title='bbox 551 3732 600 3796; x_wconf 88' lang='lat' dir='ltr'>m.)</span> <span class='ocrx_word' id='word_1_238' title='bbox 610 3726 647 3780; x_wconf 85' lang='lat' dir='ltr'>F&#39;</span> <span class='ocrx_word' id='word_1_239' title='bbox 686 3727 827 3785; x_wconf 84' lang='lat' dir='ltr'>distentR</span> <span class='ocrx_word' id='word_1_240' title='bbox 841 3729 945 3785; x_wconf 80' lang='lat' dir='ltr'>distant</span> <span class='ocrx_word' id='word_1_241' title='bbox 953 3730 1010 3784; x_wconf 89' lang='lat' dir='ltr'>PF</span> <span class='ocrx_word' id='word_1_242' title='bbox 1077 3733 1112 3787; x_wconf 81' lang='lat'>48</span> <span class='ocrx_word' id='word_1_243' title='bbox 1132 3730 1327 3803; x_wconf 87' lang='lat' dir='ltr'>phylosophum</span> <span class='ocrx_word' id='word_1_244' title='bbox 1337 3730 1367 3785; x_wconf 89' lang='lat' dir='ltr'><em>F</em></span> 
     </span>
    </p>
   </div>
   <div class='ocr_carea' id='block_1_6' title="bbox 217 3815 1362 3927">
    <p class='ocr_par' dir='ltr' id='par_1_8' title="bbox 217 3815 1362 3927">
     <span class='ocr_line' id='line_1_31' title="bbox 217 3815 1362 3927; baseline 0.004 -59"><span class='ocrx_word' id='word_1_245' title='bbox 217 3815 381 3885; x_wconf 79' lang='lat' dir='ltr'>philosofuen</span> <span class='ocrx_word' id='word_1_246' title='bbox 394 3817 423 3871; x_wconf 90' lang='lat' dir='ltr'><strong><em>P</em></strong></span> <span class='ocrx_word' id='word_1_247' title='bbox 447 3823 529 3888; x_wconf 84' lang='lat' dir='ltr'>teque</span> <span class='ocrx_word' id='word_1_248' title='bbox 557 3817 671 3887; x_wconf 84' lang='lat' dir='ltr'>sophum</span> <span class='ocrx_word' id='word_1_249' title='bbox 697 3834 749 3872; x_wconf 79' lang='lat' dir='ltr'>rec.</span> <span class='ocrx_word' id='word_1_250' title='bbox 778 3835 846 3873; x_wconf 81' lang='lat' dir='ltr'>corr.</span> <span class='ocrx_word' id='word_1_251' title='bbox 861 3819 902 3873; x_wconf 84' lang='lat' dir='ltr'>F²</span> <span class='ocrx_word' id='word_1_252' title='bbox 990 3820 1024 3875; x_wconf 83' lang='lat'>49</span> <span class='ocrx_word' id='word_1_253' title='bbox 1053 3825 1202 3875; x_wconf 59' lang='lat' dir='ltr'>stamnum</span> <span class='ocrx_word' id='word_1_254' title='bbox 1220 3822 1248 3875; x_wconf 89' lang='lat' dir='ltr'><strong><em>P</em></strong></span> <span class='ocrx_word' id='word_1_255' title='bbox 1264 3820 1326 3927; x_wconf 80' lang='lat' dir='ltr'>hira</span> <span class='ocrx_word' id='word_1_256' title='bbox 1341 3840 1362 3873; x_wconf 86' lang='grc' dir='ltr'>ω</span> 
     </span>
    </p>
   </div>
   <div class='ocr_carea' id='block_1_7' title="bbox 216 3932 1364 4361">
    <p class='ocr_par' dir='ltr' id='par_1_9' title="bbox 216 3932 1364 4361">
     <span class='ocr_line' id='line_1_32' title="bbox 217 3932 1362 4005; baseline 0.004 -22"><span class='ocrx_word' id='word_1_257' title='bbox 217 3946 314 3984; x_wconf 81' lang='lat' dir='ltr'>aurae·</span> <span class='ocrx_word' id='word_1_258' title='bbox 406 3932 441 3986; x_wconf 83' lang='lat'>50</span> <span class='ocrx_word' id='word_1_259' title='bbox 468 3936 609 4003; x_wconf 74' lang='lat' dir='ltr'>totusque!</span> <span class='ocrx_word' id='word_1_260' title='bbox 638 3934 676 3987; x_wconf 85' lang='lat' dir='ltr'>sic</span> <span class='ocrx_word' id='word_1_261' title='bbox 704 3934 784 4003; x_wconf 86' lang='lat' dir='ltr'>plane</span> <span class='ocrx_word' id='word_1_262' title='bbox 812 3949 847 3989; x_wconf 82' lang='lat' dir='ltr'>ae.</span> <span class='ocrx_word' id='word_1_263' title='bbox 875 3949 926 3989; x_wconf 80' lang='lat' dir='ltr'>ree.</span> <span class='ocrx_word' id='word_1_264' title='bbox 942 3934 982 3989; x_wconf 72' lang='grc'>1”2</span> <span class='ocrx_word' id='word_1_265' title='bbox 1023 3937 1111 4005; x_wconf 82' lang='lat' dir='ltr'>ageris</span> <span class='ocrx_word' id='word_1_266' title='bbox 1138 3936 1234 4005; x_wconf 78' lang='lat' dir='ltr'>Peiper</span> <span class='ocrx_word' id='word_1_267' title='bbox 1275 3934 1362 3991; x_wconf 86' lang='lat' dir='ltr'>aberis</span> 
     </span>
     <span class='ocr_line' id='line_1_33' title="bbox 218 4018 1363 4094; baseline 0.007 -24"><span class='ocrx_word' id='word_1_268' title='bbox 218 4022 273 4086; x_wconf 84' lang='lat' dir='ltr'>(pr.</span> <span class='ocrx_word' id='word_1_269' title='bbox 288 4018 306 4071; x_wconf 92' lang='lat' dir='ltr'>h</span> <span class='ocrx_word' id='word_1_270' title='bbox 320 4023 370 4086; x_wconf 80' lang='lat' dir='ltr'>aa.)</span> <span class='ocrx_word' id='word_1_271' title='bbox 379 4020 408 4075; x_wconf 84' lang='lat' dir='ltr'><em>R</em></span> <span class='ocrx_word' id='word_1_272' title='bbox 422 4019 509 4074; x_wconf 86' lang='lat' dir='ltr'>aberis</span> <span class='ocrx_word' id='word_1_273' title='bbox 525 4021 553 4088; x_wconf 94' lang='lat' dir='ltr'>(b</span> <span class='ocrx_word' id='word_1_274' title='bbox 567 4038 602 4076; x_wconf 85' lang='lat' dir='ltr'>so.</span> <span class='ocrx_word' id='word_1_275' title='bbox 617 4026 682 4089; x_wconf 82' lang='lat' dir='ltr'>ree.)</span> <span class='ocrx_word' id='word_1_276' title='bbox 693 4021 723 4075; x_wconf 89' lang='lat' dir='ltr'><em>F</em></span> <span class='ocrx_word' id='word_1_277' title='bbox 734 4021 824 4077; x_wconf 81' lang='lat' dir='ltr'>abibis</span> <span class='ocrx_word' id='word_1_278' title='bbox 833 4023 930 4078; x_wconf 79' lang='lat' dir='ltr'>Riuiu.</span> <span class='ocrx_word' id='word_1_279' title='bbox 950 4023 1057 4078; x_wconf 79' lang='lat' dir='ltr'>aberres</span> <span class='ocrx_word' id='word_1_280' title='bbox 1068 4025 1170 4079; x_wconf 84' lang='lat' dir='ltr'>Hortel</span> <span class='ocrx_word' id='word_1_281' title='bbox 1223 4027 1255 4079; x_wconf 82' lang='lat'>51</span> <span class='ocrx_word' id='word_1_282' title='bbox 1272 4025 1363 4094; x_wconf 85' lang='lat' dir='ltr'>dictis]</span> 
     </span>
     <span class='ocr_line' id='line_1_34' title="bbox 218 4105 1363 4182; baseline 0.007 -23"><span class='ocrx_word' id='word_1_283' title='bbox 218 4105 285 4159; x_wconf 83' lang='lat' dir='ltr'>dicis</span> <span class='ocrx_word' id='word_1_284' title='bbox 299 4106 328 4161; x_wconf 84' lang='lat' dir='ltr'><em>R</em></span> <span class='ocrx_word' id='word_1_285' title='bbox 417 4110 452 4163; x_wconf 83' lang='lat'>53</span> <span class='ocrx_word' id='word_1_286' title='bbox 474 4110 512 4164; x_wconf 84' lang='lat' dir='ltr'>Et</span> <span class='ocrx_word' id='word_1_287' title='bbox 534 4111 608 4164; x_wconf 81' lang='lat' dir='ltr'>calor</span> <span class='ocrx_word' id='word_1_288' title='bbox 633 4113 672 4181; x_wconf 86' lang='lat' dir='ltr'>et]</span> <span class='ocrx_word' id='word_1_289' title='bbox 694 4111 851 4165; x_wconf 83' lang='lat' dir='ltr'>Etoeelor</span> <span class='ocrx_word' id='word_1_290' title='bbox 874 4112 918 4165; x_wconf 79' lang='lat' dir='ltr'>.8r</span> <span class='ocrx_word' id='word_1_291' title='bbox 943 4114 982 4179; x_wconf 89' lang='lat' dir='ltr'>(cr</span> <span class='ocrx_word' id='word_1_292' title='bbox 1003 4112 1036 4167; x_wconf 79' lang='lat' dir='ltr'>ia</span> <span class='ocrx_word' id='word_1_293' title='bbox 1054 4130 1084 4166; x_wconf 91' lang='lat' dir='ltr'>or</span> <span class='ocrx_word' id='word_1_294' title='bbox 1103 4114 1139 4167; x_wconf 87' lang='lat' dir='ltr'>ul.</span> <span class='ocrx_word' id='word_1_295' title='bbox 1160 4129 1236 4181; x_wconf 67' lang='lat' dir='ltr'>cora,</span> <span class='ocrx_word' id='word_1_296' title='bbox 1252 4120 1317 4182; x_wconf 80' lang='lat' dir='ltr'>post</span> <span class='ocrx_word' id='word_1_297' title='bbox 1335 4130 1363 4168; x_wconf 87' lang='lat' dir='ltr'>er</span> 
     </span>
     <span class='ocr_line' id='line_1_35' title="bbox 216 4196 1362 4269; baseline 0.01 -21"><span class='ocrx_word' id='word_1_298' title='bbox 216 4196 339 4263; x_wconf 79' lang='lat' dir='ltr'>spatium</span> <span class='ocrx_word' id='word_1_299' title='bbox 372 4197 491 4251; x_wconf 70' lang='lat' dir='ltr'>duanam</span> <span class='ocrx_word' id='word_1_300' title='bbox 524 4199 577 4253; x_wconf 80' lang='lat' dir='ltr'>litt.</span> <span class='ocrx_word' id='word_1_301' title='bbox 605 4216 725 4254; x_wconf 69' lang='lat' dir='ltr'>aramum</span> <span class='ocrx_word' id='word_1_302' title='bbox 757 4216 818 4253; x_wconf 71' lang='lat' dir='ltr'>orm</span> <span class='ocrx_word' id='word_1_303' title='bbox 841 4206 946 4269; x_wconf 77' lang='lat' dir='ltr'>puncto</span> <span class='ocrx_word' id='word_1_304' title='bbox 979 4206 1044 4255; x_wconf 80' lang='lat' dir='ltr'>onte</span> <span class='ocrx_word' id='word_1_305' title='bbox 1071 4202 1103 4269; x_wconf 79' lang='lat' dir='ltr'>dr)</span> <span class='ocrx_word' id='word_1_306' title='bbox 1131 4204 1158 4253; x_wconf 83' lang='lat' dir='ltr'><strong><em>P</em></strong></span> <span class='ocrx_word' id='word_1_307' title='bbox 1205 4203 1307 4257; x_wconf 85' lang='lat' dir='ltr'>aduritl</span> <span class='ocrx_word' id='word_1_308' title='bbox 1333 4202 1362 4259; x_wconf 86' lang='lat' dir='ltr'><em>R</em></span> 
     </span>
     <span class='ocr_line' id='line_1_36' title="bbox 216 4283 1364 4361; baseline 0.009 -25"><span class='ocrx_word' id='word_1_309' title='bbox 216 4283 251 4336; x_wconf 88' lang='grc'>54</span> <span class='ocrx_word' id='word_1_310' title='bbox 265 4284 390 4339; x_wconf 79' lang='lat' dir='ltr'>aufretP</span> <span class='ocrx_word' id='word_1_311' title='bbox 437 4287 471 4340; x_wconf 91' lang='grc'>55</span> <span class='ocrx_word' id='word_1_312' title='bbox 486 4284 613 4341; x_wconf 81' lang='lat' dir='ltr'>leduntu</span> <span class='ocrx_word' id='word_1_313' title='bbox 650 4287 783 4358; x_wconf 82' lang='lat' dir='ltr'>tepidum]</span> <span class='ocrx_word' id='word_1_314' title='bbox 799 4287 1127 4359; x_wconf 80' lang='lat' dir='ltr'>topndurquolidume</span> <span class='ocrx_word' id='word_1_315' title='bbox 1182 4292 1215 4345; x_wconf 90' lang='grc'>58</span> <span class='ocrx_word' id='word_1_316' title='bbox 1231 4293 1283 4361; x_wconf 84' lang='lat' dir='ltr'>est]</span> <span class='ocrx_word' id='word_1_317' title='bbox 1297 4291 1364 4346; x_wconf 76' lang='lat' dir='ltr'>seP</span> 
     </span>
    </p>
   </div>
   <div class='ocr_carea' id='block_1_8' title="bbox 0 0 1588 4975">
    <p class='ocr_par' dir='ltr' id='par_1_10' title="bbox 0 0 1588 4975">
     <span class='ocr_line' id='line_1_37' title="bbox 0 0 1588 4975; baseline 0 6"><span class='ocrx_word' id='word_1_318' title='bbox 0 0 1588 4975; x_wconf 95' lang='lat' dir='ltr'> </span> 
     </span>
    </p>
   </div>
  </div>
 </body>
</html>
