3167 4975
224 332 287 395 XII
694 351 940 405 Prooemium.

221 526 446 590 Gentulensem
469 527 560 591 illurn
585 528 813 611 Wigbodinnee
837 530 1052 605 conlectionis‚
1077 550 1169 612 quem
1195 534 1359 616 catalogus
1382 552 1411 595 6.

221 632 283 695 831
315 634 477 699 coniectus
504 635 632 711 iudicet,
657 635 754 698 alium
782 655 907 718 quoque
934 637 987 701 uel
1011 637 1090 701 alios
1115 636 1261 720 Cypriani
1285 639 1409 704 codices

220 738 252 801 iu
277 738 325 803 Sti
347 739 486 805 Richsrii
511 743 682 807 collatum
705 743 805 807 fuisse
829 744 983 826 suspicari
1005 744 1089 808 licet.

307 844 452 909 Aliorum
484 846 646 917 librorum.
681 848 734 929 qui
765 848 965 913 intercidisse
992 849 1151 924 61666161,
1185 853 1297 935 erigus
1329 856 1414 916 61161

219 951 379 1015 momoria.

310 1058 552 1126 Corbeiousis
576 1062 703 1145 quidam
728 1081 746 1125 6
763 1062 1009 1128 Montefnlconio
1028 1085 1059 1147 p.
1081 1066 1166 1127 1408
1186 1064 1208 1126 d
1226 1064 1414 1129 describitur

219 1164 251 1227 in
279 1166 424 1250 catalogo
449 1186 543 1249 quem
566 1169 613 1233 illi
636 1169 767 1234 miserat
789 1169 891 1252 ipsius
915 1170 1097 1235 monosterii
1119 1171 1226 1235 Prior:
1251 1170 1414 1246 „Carmina

219 1271 351 1337 quenci
389 1275 421 1337 in
457 1278 552 1341 uetus
588 1278 827 1352 testamentum,
867 1276 982 1357 quibus
1021 1278 1197 1341 succedunt
1237 1279 1412 1361 categoriae

219 1378 421 1447 Aristotelis:
447 1382 515 1447 cod.
540 1384 669 1447 membr.
695 1402 720 1449 s.
745 1383 803 1448 X.“
830 1382 1005 1447 iuuencum
1029 1403 1083 1465 pro
1104 1384 1258 1467 Cypriono
1272 1385 1413 1467 positum

219 1490 296 1569 puto
323 1488 360 1550 ab
385 1488 506 1565 eodem,
532 1491 641 1571 quiin
667 1489 848 1554 Corbeieusi
873 1490 1007 1555 Genesis
1030 1491 1110 1555 libro
1138 1491 1269 1555 quenci
1298 1510 1411 1555 nomen

216 1592 355 1659 intrusit.

307 1700 388 1765 Phil.
424 1702 568 1767 Labbeus
601 1704 693 1767 Noua
723 1702 917 1767 bibliotheca
948 1722 1025 1767 mss.
1053 1702 1152 1766 Paris.
1184 1704 1269 1767 1653
1292 1724 1322 1786 p.
1349 1703 1415 1767 57:

223 1807 365 1883 „Alcimi
382 1809 435 1885 nit,
451 1828 543 1892 opero
566 1810 691 1892 poetica
712 1809 853 1875 noudum
878 1809 962 1873 edita
983 1810 1015 1873 in
1034 1809 1224 1874 Leuiticum.
1243 1809 1410 1888 Numeros,

218 1912 501 1979 Deuteronomium
521 1919 553 1983 61
575 1917 673 1981 libros
692 1917 786 1981 Iosue
811 1935 847 1980 ac
865 1915 1011 1979 Indicum
1029 1914 1224 1997 proferemus
1243 1916 1275 1978 in
1293 1917 1410 1982 lucem.

219 2020 263 2083 Ex
286 2020 486 2105 Apographis
509 2042 586 2089 mss.
612 2043 649 2088 eo
672 2024 857 2107 praesertim
886 2022 971 2104 quod
998 2022 1184 2087 Theodori
1211 2024 1412 2088 Pulmonni

219 2124 251 2213 [†
278 2126 374 2215 1590]
395 2148 490 2194 mauu
511 2130 703 2214 descriptum
723 2131 846 2212 sibique
866 2132 904 2194 ab
923 2129 1101 2194 Abnoba-mo
1121 2128 1241 2195 Ortelio
1261 2130 1409 2195 donatum

218 2235 349 2299 miserat
367 2236 429 2301 buc
449 2237 526 2301 61166
545 2238 582 2301 R.
602 2238 636 2302 P.
656 2238 797 2303 Andreas
813 2237 966 2303 Schottus
982 2236 1052 2302 Soc.
1069 2240 1195 2301 nostrae
1209 2237 1407 2320 Presbyter·

217 2340 289 2405 Non
304 2342 486 2407 indicantur
499 2346 590 2426 primi
609 2344 681 2408 libri
698 2344 831 2409 Genesis
847 2347 879 2407 61
892 2342 1038 2418 Euodus3
1058 2342 1141 2407 unde
1157 2344 1234 2408 olim
1249 2342 1410 2409 diuersum

218 2448 256 2510 ab
286 2449 402 2515 uostn's
431 2450 520 2515 libris
543 2448 642 2514 ABG
665 2451 764 2517 fuisse
792 2451 919 2526 librum,
943 2468 1006 2532 quo
1032 2450 1183 2515 utebatur
1204 2450 1412 2525 Pulmanuus.

217 2555 356 2620 conieci:
381 2557 437 2621 sed
460 2560 576 2631 tamen,
601 2577 675 2623 cum
695 2557 828 2624 Genesis
848 2561 882 2622 61
898 2558 983 2640 prior
999 2575 1071 2640 pars
1090 2556 1188 2620 Exodi
1211 2557 1248 2620 iu
1271 2557 1413 2620 Laudu·

217 2662 326 2726 nensi
345 2663 466 2729 altero
487 2661 545 2749 (B)
565 2665 789 2742 desiderentur,
806 2663 1411 2745 116661661161166111666616111666111.

305 2767 416 2852 Neque
436 2771 514 2836 alios
524 2776 646 2849 praeter
660 2773 885 2837 Lsuduneuses
898 2773 996 2836 libros
1011 2771 1160 2835 babuisse
1176 2770 1412 2836 Sirmondum

217 2875 260 2958 (in
295 2877 379 2942 notis
413 2879 452 2942 ad
483 2879 625 2955 Auitum,
660 2879 690 2942 8.
724 2878 815 2942 Auiti
848 2897 977 2962 operum
1008 2877 1056 2942 ed.
1091 2880 1177 2941 1643
1210 2899 1240 2960 p.
1274 2878 1316 2942 63
1350 2876 1411 2960 sqi)

218 2983 415 3060 crediderim,
441 2985 495 3068 qui
520 2985 655 3051 Genesin
681 2986 807 3068 quidem
831 3005 892 3049 non
916 2985 1067 3060 nominet,
1096 2984 1152 3049 sed
1178 2985 1212 3048 in
1236 2989 1411 3049 ceterorum

216 3089 366 3154 librorum
402 3092 539 3156 numeris
574 3092 612 3155 ed
643 3092 869 3156 Leuduuenses
906 3091 1035 3173 propius
1073 3089 1204 3166 accedit,
1242 3109 1336 3173 quom
1373 3090 1412 3155 ad

219 3195 522 3281 Cantabrigiensem.
547 3219 619 3263 nam
637 3200 796 3263 Numeros
815 3197 943 3281 quidem
962 3198 1016 3261 ille
1036 3199 1101 3262 689
1120 3217 1233 3263 uersus
1253 3198 1411 3263 continere

218 3303 304 3378 dicit,
340 3323 412 3368 oum
448 3307 512 3370 sint
545 3308 619 3382 178,
647 3307 720 3371 Iesu
748 3307 838 3370 Naue
866 3307 931 3370 452
959 3324 1014 3388 pro
1044 3306 1127 3368 586:
1156 3303 1212 3368 sed
1243 3303 1275 3366 in
1304 3303 1410 3370 Exodo

218 3411 330 3491 (1327.
354 3430 411 3475 nos
440 3413 549 3498 1332).
574 3414 605 3478 in
629 3413 771 3478 Leuitico
795 3412 884 3496 (308,
908 3431 966 3476 nos
990 3411 1080 3496 309).
1110 3411 1141 3474 in
1165 3411 1411 3476 Deuteronomio

215 3517 303 3599 (287,
328 3537 386 3583 uos
422 3517 512 3603 288),
543 3520 576 3582 in
609 3519 754 3584 iudicum
777 3518 866 3604 (695,
890 3538 961 3583 curn
985 3517 1255 3595 Rhamnous,
1279 3517 1311 3580 A
1337 3519 1411 3593 766,

220 3621 247 3684 (ῥ’
279 3621 357 3710 766)
391 3624 601 3690 8111661616111
637 3626 759 3690 66111611
797 3625 874 3690 66116
911 3625 1102 3708 respondent
1137 3625 1410 3690 Lauduuensibus.

215 3730 337 3794 accedit
352 3731 436 3812 quod
452 3731 591 3816 procliue
607 3736 672 3796 6161
696 3751 795 3796 611616
809 3733 841 3796 in
857 3730 1070 3796 describendis
1089 3731 1240 3796 Romanis
1260 3731 1409 3808 numeris,

214 3840 251 3899 ut
275 3857 313 3902 ne
338 3856 392 3902 eos
417 3838 544 3920 quidem
568 3858 724 3909 numeros,
749 3840 804 3920 qui
823 3857 841 3901 6
859 3841 967 3903 nostre
985 3839 1208 3920 conputatione
1232 3837 1409 3911 obhorrent,

214 3943 246 4006 iu
284 3941 512 4010 Sirmondianis
554 3945 670 4010 chartis
712 3948 874 4028 tantopere
913 3944 1013 4009 fuisse
1056 3944 1198 4009 diuersos
1240 3945 1278 4007 ab
1319 3944 1442 4008 initio·

214 4048 407 4116 crediderim.

244 4255 258 4272 ,
302 4183 369 4246 Iam
385 4184 524 4248 11666116
544 4188 714 4268 conspectu
729 4204 853 4268 ponere,
871 4203 949 4266 quas
974 4183 1218 4266 Cyprianeorum
1234 4185 1409 4248 carminum

213 4297 319 4376 portes
345 4291 463 4375 singuli
488 4291 612 4357 codices
636 4291 779 4356 1161166111.
805 4311 883 4373 ques
911 4291 1172 4374 praetermittent.
