3167 4975
238 331 316 384 XLII
690 329 932 398 Prolegomona.
1050 302 1053 307 ξ

240 508 357 587 reddet,
393 505 435 569 20
464 505 534 568 sinc
565 504 719 568 crimine:
753 507 820 570 sine
851 506 1014 571 mendacio
1044 506 1164 571 homeri
1195 510 1227 570 et
1256 505 1382 588 uirgilii,

241 611 280 674 21
305 599 423 674 metas:
445 609 593 676 subaudi:
618 610 707 676 adest
728 610 817 691 mihi,
841 609 883 673 22
905 607 1089 673 subtrahet:
1112 610 1163 691 ab,
1186 608 1228 672 23
1242 607 1383 695 flammi·

240 737 352 779 noma:
389 715 518 780 flamma
548 715 679 780 ferente.
734 715 863 780 Glossas
895 715 1090 780 theutonicas
1129 733 1209 797 quae
1239 715 1383 779 similiter

240 823 375 905 scriptae
391 823 422 885 in
439 821 597 886 codicibus
614 821 747 885 diuersis
763 822 921 904 leguntur,
938 821 1132 904 collegerunt
1146 819 1383 903 Steinmeycr

241 931 273 992 et
291 925 439 993 Sieuers
460 926 493 989 in
513 943 605 1008 opere
624 925 693 989 illo:
718 924 1008 989 Althochdentsche
1029 923 1161 989 Glossen
1183 923 1215 988 ΙΙ
1229 943 1259 1006 p.
1274 921 1383 1004 olas,

240 1032 331 1096 iricas
361 1030 482 1114 glossas
513 1029 640 1113 collegit
669 1032 700 1093 et
730 1029 896 1112 explicarit
927 1027 1063 1094 Stolres
1093 1029 1125 1092 in
1155 1027 1302 1112 Beitrdge
1329 1046 1383 1091 zur

241 1135 499 1220 vergleichcndeu
516 1132 808 1217 Spraehforschnng
822 1134 868 1198 IV
883 1131 948 1198 385
960 1154 997 1214 a,
1013 1133 1075 1197 VII
1098 1131 1171 1197 410.
1209 1132 1260 1196 Ad
1282 1151 1382 1217 genus

241 1241 375 1306 alterum
405 1239 569 1304 reserenda
600 1243 648 1302 est
678 1239 731 1302 illa
761 1240 938 1322 glossarum
968 1239 1138 1322 congeries,
1170 1256 1266 1320 quam
1288 1237 1383 1302 codex
1415 1219 1421 1227 ⁸

240 1345 349 1410 lunius
372 1343 447 1408 bibl.
465 1344 553 1408 Bodl.
572 1341 614 1406 25
631 1363 655 1407 s.
671 1343 747 1407 VIII
759 1343 780 1427 ¹)
804 1344 954 1423 continet,
978 1347 1010 1407 et
1031 1343 1155 1427 glossae
1178 1343 1249 1408 illae
1270 1342 1384 1407 latino-

241 1449 406 1530 franeicae,
438 1467 516 1530 quas
539 1449 666 1513 Marcus
690 1448 820 1513 Zuerius
843 1447 1040 1513 Borbornius
1068 1449 1100 1511 in
1128 1447 1292 1511 historiam
1314 1447 1384 1510 uni-

241 1556 407 1635 uersalem,
439 1572 519 1635 quae
543 1553 740 1618 Francofurti
764 1555 795 1617 et
817 1553 941 1635 Lipsiae
964 1571 992 1616 a.
1012 1550 1096 1615 1675
1118 1552 1240 1635 prodiit,
1266 1551 1384 1634 recepit
1502 1551 1504 1553 ’

241 1661 291 1725 his
314 1659 419 1724 uerbis
442 1680 472 1742 p.
488 1655 567 1723 451:
592 1658 667 1739 ,Nec
691 1661 799 1722 tamen
822 1658 1011 1741 negligenda
1032 1657 1084 1720 hic
1106 1661 1181 1721 sunt
1204 1656 1274 1736 duo,
1304 1673 1383 1738 qnae

241 1767 273 1830 in
304 1763 497 1828 membranis
530 1763 757 1845 antiquissimis
787 1762 903 1845 scripta
924 1761 1078 1826 habemns
1100 1761 1252 1845 glossaria
1275 1759 1383 1825 Oarolo

243 1870 362 1953 Magno
384 1869 545 1950 inscripta,
570 1887 605 1930 ex
629 1865 743 1948 quibus
768 1872 800 1932 et
822 1864 978 1930 constabit
1000 1866 1038 1929 de
1062 1865 1194 1929 ueritate
1210 1865 1384 1928 sententiae

244 1992 338 2056 quam
361 1972 563 2056 produximus
588 1974 619 2034 et
640 1971 792 2035 eiusmodi
809 1972 1030 2052 antiquitatum
1047 1969 1176 2034 studiosi
1191 1969 1276 2033 haud
1292 1966 1384 2033 dubie

242 2079 379 2162 plurima
401 2081 508 2160 petere
530 2079 688 2158 poterunt,
712 2094 792 2157 quae
816 2079 851 2139 nt
873 2075 1059 2157 antiquitate
1081 2075 1151 2158 ipsa
1173 2093 1206 2137 se
1226 2091 1385 2138 commen-

243 2183 327 2262 dant,
356 2182 401 2245 ita
424 2185 456 2245 et
479 2181 728 2262 complectuntur·
750 2180 833 2243 haud
856 2198 966 2262 pauca,
995 2199 1030 2243 es
1053 2178 1167 2260 quibus
1189 2196 1252 2242 non
1275 2195 1384 2260 panca,

243 2305 321 2369 qnae
336 2288 491 2350 adrerum
503 2285 713 2368 cognitionem
726 2285 872 2364 attinent,
889 2285 1009 2349 curiose
1022 2284 1156 2366 origines
1168 2282 1384 2366 indagantium

242 2393 368 2476 ingenia
380 2394 511 2475 possunt
523 2391 676 2474 colligere.
701 2390 845 2454 Primum
857 2390 974 2473 optima
985 2389 1045 2452 fide
1058 2406 1076 2451 a
1088 2387 1177 2452 nobis
1194 2387 1385 2468 descriptum

241 2499 361 2582 ipsique
379 2497 488 2562 Carolo
505 2497 548 2560 M.
567 2494 648 2577 qnod
671 2496 734 2559 iam
755 2495 888 2559 diximm
909 2495 1094 2578 inscriptum
1118 2494 1162 2556 sic
1183 2491 1294 2556 habet:
1318 2490 1386 2554 An-

243 2622 326 2686 ceps,
343 2603 481 2686 logolari.
512 2602 644 2681 Aurora,
664 2600 803 2683 tagarod.
834 2599 987 2679 Acerbus,
1003 2600 1109 2681 pittar.
1140 2596 1384 2680 Argumentum,

243 2708 303 2772 list.
336 2727 399 2788 aer,
416 2708 465 2771 luf
490 2757 535 2770 ...
559 2706 703 2786 arduum,
720 2704 840 2769 stechel
856 2703 908 2785 (cf.
921 2703 990 2767 Iun.
1004 2703 1047 2766 lV
1061 2700 1127 2785 72).
1156 2701 1324 2780 affaminis,
1339 2700 1385 2763 lo-

243 2813 383 2877 cutionis
420 2812 585 2892 adfectare,
610 2828 715 2873 amare
738 2810 769 2873 in
789 2809 918 2873 quena.
949 2807 1131 2887 defractus,
1155 2806 1301 2870 circuitus
1325 2854 1383 2868 ...

244 2917 427 2996 caterninm,
452 2915 620 2980 multitudo
637 2914 764 2979 quenc.
802 2912 976 2991 cunctatio,
1000 2912 1151 2975 dubitatio
1174 2910 1301 2974 quena.
1327 2958 1383 2972 ...

244 3022 335 3101 cedit,
359 3024 473 3084 euenit.
509 3019 645 3103 degesto,
669 3020 838 3083 kizaltemu
862 3017 914 3099 (cf.
932 3014 1028 3100 139).
1064 3015 1235 3097 dispendia,
1259 3014 1386 3079 serloni-

243 3127 330 3191 nissa
353 3125 405 3207 (cf.
421 3122 518 3207 146).
555 3124 696 3204 disertos,
721 3124 885 3206 expositor.
919 3122 1027 3201 relata,
1048 3120 1198 3202 kaoparet
1218 3117 1270 3202 (ef.
1287 3118 1303 3181 Ι
1318 3116 1384 3201 49).

244 3230 357 3309 dedita,
382 3232 529 3292 consueta
551 3228 678 3291 quena.
719 3228 839 3306 dirimo,
864 3226 968 3289 diuido
990 3225 1118 3289 quena.
1157 3223 1385 3304 dueli,wicl1a-

243 3334 478 3399 flcmquuenc.
508 3332 647 3416 dapsilis,
664 3333 780 3416 largus
809 3331 939 3411 dissicit,
956 3333 1081 3413 separat
1095 3328 1223 3393 quena.
1254 3328 1385 3407 decolor,

244 3438 422 3522 uugifaruat
442 3436 494 3521 (ei.
510 3437 543 3500 ΙΙ
559 3434 636 3519 683)
654 3488 660 3499 .
675 3487 681 3499 .
697 3486 704 3500 .
722 3436 947 3515 flammiuoma,
970 3435 1184 3517 lane-spicatas
1208 3433 1239 3495 in
1255 3431 1383 3496 Iunone.

243 3544 356 3624 festus,
380 3542 556 3606 sublimitas
578 3534 612 3605 in
627 3541 755 3606 Iunone.
791 3542 909 3620 furens,
933 3540 1071 3604 irascens
1087 3539 1215 3602 Inueuc,
1241 3588 1298 3601 ...
1321 3536 1385 3599 hir·

244 3652 322 3728 tum,
346 3646 511 3726 hirsutum,
535 3646 629 3711 ruhaz
649 3646 682 3710 in
697 3645 825 3709 quena.
850 3645 1013 3724 hactenus,
1035 3662 1135 3725 usque
1159 3660 1251 3706 nunc.
1274 3641 1307 3705 in
1330 3658 1385 3704 ua·

243 3752 337 3832 mine,
370 3751 402 3815 in
433 3750 529 3813 uulua
555 3751 683 3814 Iunone.
711 3750 936 3830 lustrata,
966 3748 1144 3813 illuminata
1173 3747 1300 3811 quena.

245 3856 396 3936 mosanti,
419 3859 607 3920 runentemu
630 3855 757 3919 quena.
793 3858 932 3935 nectunt,
955 3853 1082 3917 host-ant
1103 3853 1137 3916 in
1151 3851 1280 3916 Iunone.
1313 3867 1385 3932 pas-

245 3961 315 4041 sim,
338 3960 475 4042 undique
498 3960 624 4024 quena.
651 4010 708 4023 ...
732 3959 912 4043 rependere,
935 3958 1106 4022 farkeltant
1127 3957 1160 4021 in
1175 3956 1302 4020 Inuenc.
1336 3973 1386 4018 re·

289 4202 308 4269 ¹)
328 4200 473 4270 ,Incipiunt
486 4201 567 4255 uerba
579 4202 607 4254 in
620 4200 752 4255 queuco‘.
775 4200 874 4255 Omnes
886 4200 942 4254 fere
954 4200 1104 4269 glossarum
1116 4214 1194 4268 opere
1205 4196 1314 4251 laudato
1323 4212 1385 4250 oon-

245 4288 373 4342 tinentnr.
