3167 4975
723 301 873 355 Hilarii

373 497 476 578 paruit
499 500 532 561 et
554 497 638 561 dicto
663 497 758 562 citius
781 517 878 581 super
899 499 999 562 inruit
1021 499 1121 583 ignes.

373 608 537 668 cesserunt
559 603 715 679 flammae,
730 606 839 670 'cessit
861 605 951 672 dolor
974 606 1076 671 omnis
1102 609 1133 672 et
1155 624 1218 670 una

375 728 488 794 corpus
512 716 544 775 et
566 713 650 796 ignis
674 717 759 778 erat:
784 732 898 796 eorpus
922 717 1127 796 superauerat
1149 715 1264 798 ignem,

374 817 504 900 spiritus
527 823 599 884 ante
622 823 728 884 tamen
751 820 892 904 placidas
916 824 1123 904 superauerat
1146 839 1247 885 auras.

377 924 463 988 laeta
484 925 572 990 dolet
592 927 688 992 tacite
712 931 822 1004 mater,
847 947 1018 1011 pressoque
1042 928 1150 994 dolore

372 1031 537 1096 tristitiam
559 1034 729 1116 luctusque
754 1053 830 1099 suos
853 1035 885 1100 in
909 1035 1024 1118 gaudia
1046 1035 1152 1100 uertit.

415 1137 540 1203 Interea
563 1139 699 1222 trepidat
721 1144 755 1204 et
777 1159 868 1206 curas
893 1141 985 1207 corde
1008 1142 1144 1217 uolutat,
1224 1195 1225 1202 ,

373 1263 435 1310 non
459 1245 708 1332 deprecatorias,
734 1247 791 1312 sed
815 1248 852 1312 de
875 1248 1051 1332 puerilibus
1075 1249 1184 1313 annis:

372 1351 427 1433 qui
450 1355 609 1434 superant,
633 1372 671 1418 ne
695 1354 775 1419 forte
799 1357 932 1438 negent3
956 1375 995 1419 na
1018 1355 1098 1421 forte
1119 1355 1264 1421 timorem

374 1459 553 1541 concipiant
574 1459 689 1528 animo.
713 1461 844 1545 regique
868 1462 1038 1528 accendere
1061 1464 1182 1528 malint.
1260 1483 1261 1487 ¹

370 1584 433 1647 quo
457 1566 560 1631 minor
582 1569 632 1631 est
654 1570 752 1645 aetas,
775 1568 876 1634 maior
897 1571 1021 1644 metus3
1047 1570 1136 1634 anxia
1158 1587 1267 1634 seeum

372 1671 461 1735 ducit
482 1672 545 1736 heu
569 1692 678 1739 curas:
703 1677 736 1737 et
758 1674 821 1738 iam
844 1693 917 1758 spes
940 1693 977 1738 ac
999 1675 1096 1742 timor
1117 1694 1179 1740 una

369 1779 531 1844 luctantur
552 1780 726 1862 matrisque
749 1782 820 1864 piae
842 1801 898 1865 per
919 1782 1043 1850 nucero
1067 1785 1204 1847 currunt.

370 1904 442 1970 spes
465 1890 571 1952 tamen
595 1890 646 1952 est
667 1888 776 1961 maior,
801 1891 911 1954 natum
933 1893 971 1954 ut
989 1890 1156 1972 procedere
1179 1890 1270 1968 uidit,

373 1995 406 2056 et
426 1993 537 2076 procul
559 1994 722 2058 exultans:
751 1994 881 2071 „Video
906 1995 982 2077 quid
1005 1997 1108 2078 possit
1131 1997 1162 2060 in
1185 1997 1247 2060 isto

371 2119 443 2182 spes
468 2099 607 2165 conferre
629 2100 727 2176 mihir
749 2101 863 2164 nultus
887 2119 1056 2185 agnoscere
1079 2105 1204 2167 nostros

371 2205 466 2270 debet
488 2210 521 2270 et
542 2205 604 2280 hic,
626 2205 759 2270 fratrum
782 2227 913 2273 numero
936 2226 1044 2290 parere
1067 2226 1207 2298 suorum.

370 2310 502 2377 forsitan
524 2312 609 2377 hunc
632 2313 736 2377 solum
759 2314 893 2397 puerilia
916 2317 1042 2397 pectora
1063 2319 1195 2399 tangant

369 2419 560 2505 indigneque
582 2420 672 2498 ferat,
696 2420 781 2504 quod
804 2420 850 2485 sic
874 2421 965 2485 uelut
987 2421 1092 2486 hostia
1115 2421 1216 2486 detur.

371 2525 522 2608 adloquar
545 2531 578 2591 et
599 2527 709 2609 paucis
733 2527 870 2592 conabor
893 2526 995 2591 dicere
1019 2528 1136 2596 uerbis,

368 2632 412 2697 sit
433 2650 555 2697 memor
575 2633 743 2719 utpotius
766 2633 900 2717 generis,
923 2642 1017 2716 quant
1041 2636 1193 2717 temporis
1216 2636 1322 2702 huius.

373 2737 426 2815 „Si
448 2742 480 2803 te
503 2739 663 2815 nobilitas,
686 2740 809 2824 generis
834 2740 860 2805 si
883 2740 987 2824 tangit
1010 2742 1108 2825 origo,

367 2846 499 2930 respice,
523 2850 605 2912 nate.
628 2850 712 2925 tuos,
736 2846 858 2911 Israhel
880 2866 1005 2930 quoque
1029 2850 1161 2933 respice,
1186 2854 1267 2915 nate.

368 2952 434 3016 noli
456 2971 555 3018 annos
577 2970 741 3017 numerare
764 2956 849 3027 tuoe,
872 2972 969 3036 puer3
993 2954 1097 3038 incipe
1119 2954 1192 3021 lorti

368 3061 495 3141 pectore
517 3057 597 3122 ferre
620 3058 725 3122 deum.
748 3058 874 3122 tradent
897 3058 957 3123 hoe
981 3061 1106 3124 saecula
1130 3062 1255 3139 saeclis,

366 3163 451 3245 quod
474 3166 532 3227 tua
555 3163 609 3227 det
630 3162 722 3228 fortis
745 3166 833 3229 aetas
857 3164 1000 3247 exempla
1022 3164 1138 3230 futuris

364 3270 572 3353 temporibus.
589 3269 638 3343 da,
652 3274 737 3348 nate,
752 3288 872 3354 precor.
888 3270 1034 3354 quodque
1055 3272 1192 3355 amplius
1211 3274 1272 3339 hoc
1292 3278 1359 3339 ost:

366 3376 481 3460 cogita,
505 3395 585 3459 quae
607 3376 712 3462 fugias
737 3381 770 3441 et
792 3396 886 3460 quam
911 3378 1041 3443 meliora
1064 3382 1221 3461 petantur.

365 3502 427 3548 non
449 3486 482 3547 te
506 3483 658 3549 sollicitet
682 3483 791 3549 stolidi
814 3482 939 3548 salla-eia
962 3484 1046 3567 regis

268 3702 320 3756 266
338 3702 474 3771 inruith
525 3702 577 3755 270
596 3702 685 3756 tacita
700 3702 736 3755 ΡΙ
773 3718 933 3772 pressosque
949 3701 974 3754 P
1042 3703 1092 3756 271
1113 3704 1230 3757 tristiam
1244 3704 1272 3758 P
1288 3706 1378 3760 luctus

235 3790 277 3845 dic
293 3790 396 3846 aer.P¹
476 3790 529 3845 273
547 3791 684 3861 preteritis
702 3791 751 3845 OB
787 3791 953 3861 pueribusP
1037 3792 1090 3847 275
1108 3794 1127 3846 r'.
1146 3794 1212 3862 „sed
1229 3800 1261 3849 nt
1278 3796 1379 3849 malint

231 3882 290 3951 rapi
307 3881 451 3935 accendere
469 3881 616 3934 timorem.“
652 3880 777 3934 accedere
798 3880 947 3935 Fabricius
1020 3882 1072 3935 276
1092 3886 1119 3935 ct
1139 3900 1191 3953 quo
1212 3884 1272 3953 quis
1291 3886 1377 3939 minor

232 3974 275 4021 est
283 3969 306 4034 s
421 3967 473 4021 277
493 3985 525 4021 eu
540 3966 566 4020 P
581 3968 634 4021 heu
652 3968 678 4020 a.
695 3970 713 4021 l.
733 3968 899 4038 ddeylludoro,
919 3968 987 4023 eheu
1001 3968 1075 4023 Beel·
1182 3971 1235 4024 279
1254 3972 1376 4041 maiorp

230 4056 326 4111 melior
346 4056 369 4110 0
389 4074 440 4112 orn.
460 4056 529 4124 PLs
613 4057 667 4111 283
689 4058 808 4111 lonsltan
827 4057 854 4110 P
893 4058 1026 4126 soliums
1117 4059 1169 4113 ‘285
1192 4059 1380 4131 adloquarJG

230 4144 283 4199 292
309 4143 408 4197 donate
434 4143 474 4211 Cf
514 4144 676 4214 quodquep
706 4162 812 4215 quoque
830 4144 854 4197 (l
880 4162 930 4214 qne
951 4145 1023 4216 quod
1037 4146 1108 4211 Pas
1193 4148 1244 4201 293
1274 4150 1375 4221 cogita]

232 4233 322 4288 conire
337 4231 364 4285 L
