3167 4975
634 381 873 446 Prolegomena.
1259 380 1323 434 XXI

228 557 413 621 Notkerus
438 558 489 620 ille
507 557 686 620 Balbnlus
711 559 742 620 in
759 558 902 639 epistula,
925 559 956 621 in
974 559 1088 639 quade
1104 548 1325 638 interpretibus

186 661 360 724 diuinarum
378 661 603 742 scripturarum
621 662 685 744 agit
701 681 726 726 c.
741 660 758 722 ‘l
776 662 830 743 (cf.
845 662 879 724 B.
892 662 1014 742 Penius,
1031 661 1211 724 Thesaurus
1222 659 1327 724 Aneo-

187 765 328 830 dotorum
353 769 373 828 t.
396 766 420 845 l,
442 766 493 829 lol.
511 765 546 840 9;
571 766 740 846 Fabricius
763 765 839 829 bibl.
858 767 940 830 med.
958 771 990 830 et
1004 768 1058 829 int.
1075 766 1240 830 latinitatis
1263 766 1327 829 tv

187 869 317 952 paral:
335 869 368 934 Si
379 888 453 934 uero
470 872 565 934 etiam
582 875 683 934 metra
699 871 886 952 requisieris,
903 890 963 936 non
977 874 1052 935 sunt
1064 870 1122 934 tibi
1134 871 1327 935 necessariae

189 975 351 1056 gentilium
379 974 512 1054 fabulae,
541 975 595 1038 sed
622 974 719 1038 habes
746 975 777 1039 in
801 975 1028 1039 christianitate
1050 975 1327 1058 prudentissimum

188 1079 390 1142 Prudentium
406 1129 413 1142 .
432 1129 464 1142 ..
494 1079 645 1144 Alcuinus
674 1078 830 1162 (Alcimus
859 1079 1067 1163 Fabricius)
1095 1098 1168 1144 uero
1200 1080 1326 1144 nomine

190 1183 302 1247 Auitus
325 1183 398 1248 licet
413 1184 573 1248 hIstoriam
589 1183 745 1250 Geneseos
761 1185 851 1266 quasi
868 1185 967 1248 solam
983 1186 1197 1268 assumpserit,
1220 1189 1327 1248 tamen

188 1287 292 1351 omnia
322 1292 428 1352 nostra
458 1289 636 1353 dulcissimo
666 1290 804 1352 carmine
827 1290 1005 1354 decantanit
1028 1293 1060 1353 et
1082 1289 1327 1373 pulcherrimum

188 1391 302 1456 librum
326 1393 363 1455 de
387 1394 566 1476 uirginitate
590 1394 628 1457 ad
652 1413 789 1457 sororem
814 1413 903 1457 suam
927 1394 1102 1477 descripsit,
1127 1397 1157 1457 et
1177 1393 1274 1457 alium
1290 1394 1328 1457 de

188 1498 381 1560 institutione
399 1499 578 1562 mortalium
603 1497 660 1580 (al.
679 1498 868 1581 moralium),
891 1516 946 1581 pro
970 1518 1030 1579 quo
1055 1503 1088 1561 tu
1112 1498 1215 1581 legisti
1237 1497 1328 1561 Cato-

189 1602 334 1681 nianum,
374 1603 428 1665 sed
462 1604 644 1683 quantocius
678 1603 772 1666 facito
810 1607 899 1667 tuum
935 1623 1012 1666 csse.
1058 1603 1260 1666 iuuencum
1298 1605 1329 1664 ct

190 1704 348 1769 Sedulium
365 1705 529 1770 Aratorem
545 1707 739 1789 hymnosque
756 1705 982 1771 Ambrosianus
1004 1707 1066 1770 scio
1083 1708 1155 1789 quia
1178 1707 1240 1770 iam
1263 1724 1329 1769 me-

190 1811 303 1874 moriae
327 1811 562 1874 commendasti.

233 1915 388 1978 Minutam
412 1915 482 1979 inde
499 1916 625 1980 iuuenci
650 1917 867 1980 auctoritatem
885 1936 953 1981 esse
969 1936 1004 1980 er
1028 1935 1063 1980 eo
1087 1915 1224 1998 colligas,
1248 1915 1329 1996 quod

189 2021 251 2082 iam
281 2024 421 2084 erectores
448 2021 538 2102 pauci
571 2040 642 2084 enm
666 2022 762 2085 citant
784 2022 835 2085 uel
859 2022 1031 2085 imitantur.
1078 2022 1114 2084 ln
1139 2019 1328 2083 carminibus

190 2125 303 2186 saecrrli
342 2125 453 2187 decimi
488 2124 570 2188 locos
608 2127 773 2189 nonnullos
812 2146 847 2189 er
882 2125 1019 2188 quenco
1056 2125 1169 2208 petitos
1208 2125 1329 2188 notauit

189 2229 381 2308 Duemmler,
412 2228 464 2311 (cl.
490 2229 688 2293 Lateinischc
716 2229 868 2294 Gedichte
899 2231 953 2293 des
981 2231 1035 2293 IX.
1059 2229 1108 2293 bis
1132 2230 1186 2293 XI.
1206 2228 1330 2308 Jahrh,

188 2332 288 2396 Neues
324 2333 440 2396 Archiv
476 2334 504 2396 X
534 2355 563 2416 p.
588 2332 665 2418 345)
701 2336 732 2397 et
761 2334 795 2397 ll.
819 2335 913 2418 Voigt
946 2335 984 2397 ad
1016 2335 1158 2415 ,llelrasin
1194 2333 1328 2415 captiui‘.

189 2437 281 2521 Ilugo
312 2437 349 2501 de
380 2437 408 2503 S.
434 2438 571 2520 Victore,
603 2439 654 2521 qui
685 2457 766 2503 anno
797 2436 877 2502 1141
914 2439 1005 2520 obiit,
1039 2439 1070 2502 in
1100 2439 1183 2503 erud.
1213 2437 1328 2501 didasc.

189 2544 216 2607 V
252 2542 272 2605 3
307 2547 378 2625 post
412 2542 573 2607 Sedulinm
615 2548 646 2607 et
683 2544 889 2607 Prudentium
925 2545 1096 2608 iuuencum
1134 2545 1242 2607 laudat
1276 2543 1329 2625 (cl.

190 2648 287 2730 Mign.
306 2652 326 2711 t.
348 2646 407 2709 176
431 2667 461 2730 p.
479 2646 563 2731 tao).
600 2649 777 2713 Praeterea:

234 2752 472 2817 Christianus
496 2754 547 2834 qui
570 2753 822 2817 Druthmarus
838 2752 959 2817 Corbei.
977 2753 1148 2817 monachus
1165 2752 1260 2835 uulgo
1283 2752 1329 2815 di-

191 2859 270 2921 citur
293 2858 323 2920 in
340 2858 530 2939 expositione
553 2858 585 2921 in
607 2857 722 2921 Matth.
747 2856 801 2939 (cl.
825 2857 922 2940 Mign.
950 2855 1022 2937 106,
1048 2855 1157 2937 1281):
1190 2856 1331 2919 Fuerunt

191 2966 295 3025 autem
319 2962 356 3025 de
380 2980 492 3045 genere
516 2962 646 3025 Balaam
669 2962 719 3025 isti
743 2964 807 3025 tres
829 2981 934 3045 reges:
957 2961 1005 3025 De
1029 2961 1127 3025 tribus
1143 2961 1246 3044 regnis
1263 2960 1330 3023 lue-

190 3068 263 3129 runt
279 3067 315 3130 de
333 3070 415 3129 terra
430 3065 590 3147 Heuilath,
614 3064 667 3129 ubi
691 3066 835 3129 effoditur
858 3084 970 3129 aurum
990 3066 1144 3146 optimum
1160 3067 1241 3129 sicut
1256 3064 1330 3127 dixit

191 3170 331 3253 hloyses;
356 3173 387 3234 et
409 3170 503 3233 uicini
526 3170 642 3250 Persis,
666 3170 748 3233 unde
772 3169 846 3234 dicit
868 3168 1053 3233 quencns

373 3308 475 3371 quat
497 3306 607 3370 Peraia
626 3307 820 3393 pertendere
841 3330 985 3395 precarem
1008 3309 1093 3391 (obl
1116 3306 1203 3391 241).

235 3448 434 3512 Zacharias
458 3448 797 3530 Chrysopolitanus
825 3448 918 3530 episc.
944 3448 976 3510 in
1004 3466 1102 3511 unum
1125 3465 1161 3509 ex
1184 3450 1330 3527 quattuor

191 3553 287 3635 praef.
301 3550 623 3636 (er.Mign.1ao,14):
641 3552 687 3615 De
700 3552 808 3635 figuris
822 3552 1085 3634 euangelistarum
1099 3569 1160 3614 non
1172 3550 1330 3628 aduersas,

193 3658 246 3721 sed
269 3658 408 3721 diuersas
433 3657 563 3720 Patrum
587 3657 759 3719 sententias
783 3675 935 3739 ponemus
958 3660 995 3719 ut
1017 3658 1112 3719 lector
1135 3655 1232 3737 eligat
1251 3654 1330 3736 quod

193 3761 251 3825 sibi
266 3762 461 3844 potissimum
478 3758 636 3824 uidebitur
658 3796 699 3806 -
723 3758 881 3824 Sedulius:
897 3760 966 3824 Hoc
981 3760 1161 3823 Matthaeus
1177 3775 1272 3840 agens
1288 3792 1330 3803 -

194 3870 276 3929 astro
300 3864 465 3929 Iohannes.
511 3864 613 3928 Aliter
635 3864 823 3927 quencus

324 4002 512 4066 Matthaeus
535 4002 681 4065 instituit
704 4001 869 4065 uirtutum
891 4002 1021 4065 tramite
1043 4023 1155 4077 morea,

323 4108 364 4169 Et
389 4105 625 4170 benedicendi
648 4105 734 4169 iusto
758 4106 849 4170 dedit
871 4105 987 4169 ordine
1010 4104 1099 4191 lepos.

324 4212 458 4274 Marcus
482 4220 571 4273 amat
595 4221 701 4273 terras
725 4210 811 4272 iuter
833 4210 1016 4295 caelumque
1039 4209 1165 4287 colare,

321 4316 364 4379 Er
387 4316 554 4380 uehenreno
577 4314 692 4399 aquilo
715 4315 826 4381 stricto
849 4325 932 4379 occat
955 4314 1064 4378 omnic
1088 4313 1195 4404 lapsu.
