3167 4975
463 376 506 430 de
534 375 725 443 martyrio
754 372 1072 427 Maccahaeorum
1267 369 1332 433 253

318 578 364 638 tu.
389 572 459 636 finis
482 575 593 654 partus
616 570 751 651 finisque
773 569 879 632 future
903 567 1068 640 malorum,

320 679 401 744 site
425 697 500 743 eura
522 677 587 742 mei
609 677 722 761 tangit,
746 675 774 741 ei
797 675 908 740 matris
932 673 1082 739 honorem

320 789 425 849 mente
447 784 499 868 pia
522 783 658 854 retines:
682 782 830 866 qnannuis
854 782 897 846 sie
922 800 1012 846 carus
1036 782 1068 844 et
1090 779 1203 852 infans,

317 891 378 956 hee
400 891 504 975 magis
527 909 601 954 aure
625 885 719 954 auida
741 889 836 954 dietis
860 887 995 952 adtende
1018 885 1166 970 parentis.

318 999 456 1082 primum
480 998 576 1064 disee.
600 1017 688 1080 puer,
711 996 788 1078 quid
813 995 857 1062 sis
880 999 954 1078 post
976 993 1038 1059 ieta
1060 993 1198 1058 futuras.

319 1105 346 1170 si
369 1106 492 1188 patiens
515 1104 633 1176 fnen’sz
658 1103 742 1186 qued
765 1107 798 1167 te
821 1101 910 1178 mini,
935 1119 1014 1176 aare,
1038 1099 1181 1164 [uturum

318 1212 400 1276 faeta
426 1211 550 1277 docent.
575 1211 707 1275 fratrum
730 1213 912 1274 sanctornm
936 1208 967 1272 in
990 1211 1078 1291 parte
1102 1205 1244 1292 nranetnis

188 1322 241 1384 *Ἀ
321 1321 353 1383 et
375 1318 482 1400 requie
506 1336 639 1383 securus
662 1316 733 1390 eris,
757 1316 834 1381 dum
857 1315 985 1380 saecula
1008 1332 1119 1378 cursus

321 1445 417 1491 saeua
439 1445 516 1491 enee
539 1428 703 1509 peragunt.
728 1423 818 1488 finito
840 1425 983 1505 ternpore
1006 1422 1101 1505 longo

320 1532 400 1596 hanc
423 1533 529 1597 lucem
552 1535 697 1616 repetens
721 1534 909 1611 aeternaque
932 1547 1026 1613 regna
1050 1527 1185 1592 uidebis.

322 1658 384 1704 nen
407 1639 567 1704 maculata
589 1638 694 1704 malie.
718 1637 775 1702 sed
799 1636 859 1701 en't
882 1635 1046 1702 eoncordia
1070 1635 1206 1700 sanetis:

321 1765 379 1810 nee
401 1745 496 1810 morti
519 1746 611 1809 loeus
634 1744 721 1808 ullus
745 1742 815 1810 en't.
839 1761 896 1806 nee
920 1741 1005 1806 bella
1028 1741 1132 1806 citatis

241 1855 245 1859 ’
322 1851 561 1916 committantur
583 1850 685 1933 equis.
709 1849 765 1914 sed
787 1869 845 1932 par
870 1851 996 1913 aeterna
1018 1847 1167 1912 manebit.

320 1957 413 2021 matrr'
436 1957 528 2022 erede
551 1960 635 2032 tuae,
660 1975 740 2039 quae
763 1959 794 2019 te
819 1955 908 2040 eupit
930 1974 1000 2020 esse
1023 1955 1147 2019 salutis.

321 2063 385 2128 heu
406 2063 495 2138 mihi,
520 2083 576 2128 eor
597 2062 683 2126 tristi
706 2063 802 2128 uultu
824 2081 895 2126 mea
919 2061 1004 2127 dieta
1026 2061 1179 2144 repellis?

322 2170 397 2252 quid
419 2171 565 2254 refugis?
589 2170 737 2235 miserere
760 2171 834 2245 mei,
857 2169 1005 2235 miserere
1028 2169 1156 2252 tuique!

322 2277 349 2342 si
370 2277 477 2342 liceat.
500 2278 585 2360 pn'er
607 2278 652 2342 ire
674 2277 791 2342 uelim:
816 2280 905 2342 uetat
928 2279 1018 2341 ecee!
1043 2276 1099 2341 sed
1118 2277 1170 2340 ibo

189 2391 196 2408 ⁸
222 2389 245 2447 ἰ
322 2387 409 2455 tune,
433 2403 506 2448 eum
529 2385 684 2449 uictorem
707 2387 739 2448 te
762 2383 883 2460 uidero,
907 2386 990 2460 nate,
1013 2383 1178 2447 malorum.

322 2491 398 2574 qnid
421 2510 545 2575 sperare
568 2493 685 2557 iubes?
709 2492 798 2557 solus
821 2510 891 2555 mea
916 2490 998 2555 dieta
1021 2490 1163 2567 meronie,

323 2600 410 2664 solue
433 2598 537 2663 adhuc
561 2600 656 2663 etiam
679 2617 810 2663 reneeas
833 2597 921 2665 mihi.
945 2600 1027 2667 nate.
1052 2597 1202 2662 dolorem.

324 2706 446 2771 adnuis.
471 2725 509 2769 an
534 2706 664 2769 damnas
688 2709 720 2769 et
742 2724 792 2769 me
816 2705 992 2787 fratresque
1015 2713 1204 2789 genusque?

325 2812 409 2895 quod
433 2833 471 2877 ne
494 2813 574 2877 forte
598 2812 690 2886 uelis,
714 2831 768 2876 oro
791 2814 823 2876 te
848 2815 880 2875 et
903 2811 1061 2895 deprecer.
1085 2811 1177 2875 andi!

324 2919 373 2985 his
397 2939 455 3003 ego
479 2923 511 2983 te
534 2938 668 3002 paruum
692 2918 822 2995 nutriui,
847 2922 928 2987 nate.
952 2918 1089 3002 papillis,

323 3027 373 3091 his
397 3045 516 3109 precor,
541 3028 573 3089 et
596 3026 742 3090 lacrimas
764 3029 797 3089 te
821 3030 958 3109 propter,
983 3029 1064 3101 nate,
1088 3026 1254 3109 profundo,

321 3153 360 3198 ne
383 3152 544 3197 remanere
567 3134 667 3197 uelis:
691 3132 868 3197 remanebis
892 3134 979 3197 eolus
1004 3135 1037 3197 et
1060 3133 1173 3207 orbns;

322 3260 384 3305 non
407 3239 465 3303 tibi
489 3240 552 3303 iam
575 3240 671 3304 trater
694 3244 744 3304 est·
765 3240 861 3305 nllus.
887 3239 1005 3305 solacia
1028 3239 1113 3303 uitae

323 3346 394 3429 quis
418 3346 530 3410 dabit?
554 3346 617 3411 hen
641 3347 728 3411 solus
751 3350 885 3411 matrem
909 3346 1099 3412 confundere
1122 3350 1259 3430 temptas

234 3460 248 3519 ἵ
323 3458 356 3518 et
378 3473 479 3538 genus
503 3457 536 3517 et
558 3453 703 3535 patriam,
727 3453 754 3518 si
776 3454 853 3517 talia
877 3453 960 3517 dieta
984 3472 1121 3518 recusas.

323 3562 481 3643 equanto
505 3560 621 3624 melius
644 3560 745 3624 uitam
769 3560 913 3625 seruabis
936 3560 968 3624 in
993 3580 1119 3630 aenum,

223 3778 277 3831 343
296 3776 385 3831 future
399 3776 443 3846 Ps
457 3780 547 3848 future
562 3778 585 3831 0
602 3780 693 3831 sutura
707 3777 750 3830 Lo
806 3779 858 3831 356
878 3778 1169 3846 (·arust'1’1,errr.Bs
1219 3781 1269 3833 351
1290 3778 1338 3833 ad.

187 3864 279 3935 tende]
298 3864 376 3919 GPL
440 3866 492 3920 353
512 3870 539 3919 te
559 3883 609 3920 orn.
629 3882 687 3920 earm
708 3867 811 3919 {amcam
827 3882 924 3934 parma
938 3867 984 3935 Bs
997 3871 1027 3921 tu
1042 3867 1068 3921 L
1128 3869 1180 3921 355
1199 3867 1298 3921 securis
1313 3870 1340 3922 P

188 3954 240 4008 356
251 3954 373 4008 eenaOL
422 3954 474 4008 357
489 3959 595 4024 repetes
602 3954 759 4021 nanneto,
768 3956 790 4023 f
832 3955 885 4009 353
900 3956 948 4009 secl
959 3957 1009 4010 erit
1029 3957 1111 4025 conc]
1132 3973 1264 4026 nusquam
1275 3974 1338 4013 con·

187 4043 272 4096 traria
279 4046 301 4111 f
352 4044 404 4097 359
422 4044 495 4097 locos
510 4042 537 4095 P
590 4044 644 4098 360
662 4043 889 4098 commitentan
901 4044 1099 4098 comitenturB
1113 4046 1345 4115 cornmiscenturf

207 4130 283 4185 sedet
292 4134 314 4199 s
367 4132 418 4185 361
434 4132 539 4185 saluum
556 4148 625 4201 quae
640 4136 667 4185 tc
682 4133 757 4201 cupit
772 4134 865 4201 esses
920 4132 972 4187 365
987 4134 1061 4203 tunc]
1076 4134 1107 4187 hc
1125 4134 1150 4186 L
1205 4134 1257 4189 367
1276 4136 1313 4189 mi
1322 4138 1345 4205 f

187 4221 241 4275 368
264 4218 370 4289 adnuis]
390 4219 417 4272 P
456 4238 498 4274 mc
523 4238 574 4276 om.
593 4220 622 4273 B
660 4221 751 4275 fratris
773 4220 823 4275 CB
913 4222 963 4275 371
988 4222 1036 4275 has
1062 4222 1143 4276 etiam
1163 4223 1346 4294 lachrymasf

188 4314 242 4367 372
256 4314 337 4369 urbae
349 4315 376 4367 P
428 4314 481 4367 373
495 4314 579 4370 frater
593 4320 635 4369 ost
649 4316 732 4385 nllus!
746 4318 771 4370 a·
784 4334 865 4386 snper
880 4320 921 4369 cst
938 4320 946 4373 t
949 4334 969 4369 s.
985 4317 1056 4370 nllus
1066 4320 1112 4383 aa.)
1125 4316 1149 4369 1,
1164 4317 1275 4388 solacia]
1290 4316 1342 4372 ΟΡ
